,Ticker Symbol,Period Ending,Gross Profit,Total Liabilities,Total Revenue
0,AAL,2012-12-31,14356000000.0,24891000000.0,24855000000.0
1,AAL,2013-12-31,15724000000.0,45009000000.0,26743000000.0
2,AAL,2014-12-31,27030000000.0,41204000000.0,42650000000.0
3,AAL,2015-12-31,29894000000.0,42780000000.0,40990000000.0
4,AAP,2012-12-29,3098036000.0,3403120000.0,6205003000.0
5,AAP,2013-12-28,3252146000.0,4048569000.0,6493814000.0
6,AAP,2015-01-03,4453613000.0,5959446000.0,9843861000.0
7,AAP,2016-01-02,4422772000.0,5673917000.0,9737018000.0
8,AAPL,2013-09-28,64304000000.0,83451000000.0,170910000000.0
9,AAPL,2014-09-27,70537000000.0,120292000000.0,182795000000.0
10,AAPL,2015-09-26,93626000000.0,170990000000.0,233715000000.0
11,AAPL,2016-09-24,84263000000.0,193437000000.0,215639000000.0
12,ABBV,2012-12-31,13872000000.0,27358000000.0,18380000000.0
13,ABBV,2013-12-31,14209000000.0,24706000000.0,18790000000.0
14,ABBV,2014-12-31,15534000000.0,25771000000.0,19960000000.0
15,ABBV,2015-12-31,18359000000.0,49105000000.0,22859000000.0
16,ABC,2013-09-30,2507819000.0,16598893000.0,87959167000.0
17,ABC,2014-09-30,2982366000.0,19575284000.0,119569127000.0
18,ABC,2015-09-30,3529313000.0,27346596000.0,135961803000.0
19,ABC,2016-09-30,4272606000.0,31526796000.0,146849686000.0
20,ABT,2012-12-31,10151000000.0,40514000000.0,19050000000.0
21,ABT,2013-12-31,10464000000.0,17782000000.0,19657000000.0
22,ABT,2014-12-31,11029000000.0,19681000000.0,20247000000.0
23,ABT,2015-12-31,11658000000.0,20036000000.0,20405000000.0
24,ADBE,2013-11-29,3468683000.0,3655664000.0,4055240000.0
25,ADBE,2014-11-28,3524985000.0,4009924000.0,4147065000.0
26,ADBE,2015-11-27,4051194000.0,4724892000.0,4795511000.0
27,ADBE,2016-12-02,5034522000.0,5282279000.0,5854430000.0
28,ADI,2013-11-02,1692411000.0,1642174000.0,2633689000.0
29,ADI,2014-11-01,1830188000.0,2101793000.0,2864773000.0
30,ADI,2015-10-31,2259262000.0,1985818000.0,3435092000.0
31,ADI,2016-10-29,2227173000.0,2804660000.0,3421409000.0
32,ADM,2012-12-31,3623000000.0,26005000000.0,90559000000.0
33,ADM,2013-12-31,3889000000.0,23558000000.0,89804000000.0
34,ADM,2014-12-31,4768000000.0,24367000000.0,81201000000.0
35,ADM,2015-12-31,4020000000.0,22242000000.0,67702000000.0
36,ADS,2012-12-31,1249299000.0,11471652000.0,3641390000.0
37,ADS,2013-12-31,1424146000.0,12388496000.0,4319063000.0
38,ADS,2014-12-31,1658961000.0,17867597000.0,5302940000.0
39,ADS,2015-12-31,1957046000.0,20411800000.0,6439746000.0
40,ADSK,2013-01-31,2073700000.0,2265200000.0,2312200000.0
41,ADSK,2014-01-31,1999600000.0,2333500000.0,2273900000.0
42,ADSK,2015-01-31,2170100000.0,2690500000.0,2512200000.0
43,ADSK,2016-01-31,2133400000.0,3895700000.0,2504100000.0
44,AEE,2012-12-31,2304000000.0,15614000000.0,5781000000.0
45,AEE,2013-12-31,2348000000.0,14498000000.0,5838000000.0
46,AEE,2014-12-31,2467000000.0,15576000000.0,6053000000.0
47,AEE,2015-12-31,2597000000.0,16694000000.0,6098000000.0
48,AEP,2012-12-31,8550000000.0,39130000000.0,14945000000.0
49,AEP,2013-12-31,8091200000.0,40329000000.0,14813500000.0
50,AEP,2014-12-31,8692900000.0,42724400000.0,16378600000.0
51,AEP,2015-12-31,9019700000.0,43791400000.0,16453200000.0
52,AFL,2012-12-31,8290000000.0,115116000000.0,25364000000.0
53,AFL,2013-12-31,8598000000.0,106687000000.0,23939000000.0
54,AFL,2014-12-31,8355000000.0,101420000000.0,22728000000.0
55,AFL,2015-12-31,7823000000.0,100588000000.0,20872000000.0
56,AIG,2012-12-31,33469000000.0,450631000000.0,71214000000.0
57,AIG,2013-12-31,34214000000.0,440859000000.0,68874000000.0
58,AIG,2014-12-31,30795000000.0,408683000000.0,64406000000.0
59,AIG,2015-12-31,21746000000.0,407285000000.0,58327000000.0
60,AIV,2012-12-31,572156000.0,5485955000.0,958511000.0
61,AIV,2013-12-31,594002000.0,5111956000.0,974053000.0
62,AIV,2014-12-31,603399000.0,4869293000.0,984363000.0
63,AIV,2015-12-31,616062000.0,4521803000.0,981310000.0
64,AIZ,2013-12-31,2337721000.0,24881210000.0,9047657000.0
65,AIZ,2014-12-31,2288090000.0,26381159000.0,10381653000.0
66,AIZ,2015-12-31,1658870000.0,25512435000.0,10325494000.0
67,AIZ,2016-12-31,2280552000.0,25611028000.0,7531780000.0
68,AJG,2013-12-31,3179600000.0,4775000000.0,3179600000.0
69,AJG,2014-12-31,4626500000.0,6780600000.0,4626500000.0
70,AJG,2015-12-31,5392400000.0,7272200000.0,5392400000.0
71,AJG,2016-12-31,5594800000.0,7893000000.0,5594800000.0
72,AKAM,2012-12-31,844047000.0,254873000.0,1373947000.0
73,AKAM,2013-12-31,1066835000.0,328254000.0,1577922000.0
74,AKAM,2014-12-31,1352931000.0,1056211000.0,1963874000.0
75,AKAM,2015-12-31,1471828000.0,1067047000.0,2197448000.0
76,ALB,2012-12-31,898843000.0,1603693000.0,2519154000.0
77,ALB,2013-12-31,850471000.0,1957436000.0,2394270000.0
78,ALB,2014-12-31,770848000.0,3863638000.0,2445548000.0
79,ALB,2015-12-31,1196872000.0,6360622000.0,3651335000.0
80,ALK,2012-12-31,2338000000.0,4084000000.0,4657000000.0
81,ALK,2013-12-31,2801000000.0,3809000000.0,5156000000.0
82,ALK,2014-12-31,3043000000.0,3937000000.0,5368000000.0
83,ALK,2015-12-31,3663000000.0,4122000000.0,5598000000.0
84,ALL,2012-12-31,11697000000.0,106367000000.0,33315000000.0
85,ALL,2013-12-31,14679000000.0,102040000000.0,34507000000.0
86,ALL,2014-12-31,14046000000.0,86175000000.0,35239000000.0
87,ALL,2015-12-31,12816000000.0,84631000000.0,35653000000.0
88,ALLE,2013-12-31,861500000.0,2066700000.0,2069600000.0
89,ALLE,2014-12-31,853700000.0,2020700000.0,2118300000.0
90,ALLE,2015-12-31,869100000.0,2237400000.0,2068100000.0
91,ALLE,2016-12-31,985300000.0,2134100000.0,2238000000.0
92,ALXN,2013-12-31,1373790000.0,935617000.0,1551346000.0
93,ALXN,2014-12-31,2060000000.0,899944000.0,2234000000.0
94,ALXN,2015-12-31,2371000000.0,4838000000.0,2604000000.0
95,ALXN,2016-12-31,2826000000.0,4559000000.0,3084000000.0
96,AMAT,2013-10-27,2991000000.0,4955000000.0,7509000000.0
97,AMAT,2014-10-26,3843000000.0,5306000000.0,9072000000.0
98,AMAT,2015-10-25,3952000000.0,7695000000.0,9659000000.0
99,AMAT,2016-10-30,4511000000.0,7371000000.0,10825000000.0
100,AME,2012-12-31,1180081000.0,2654905000.0,3334213000.0
101,AME,2013-12-31,1270494000.0,2741781000.0,3594136000.0
102,AME,2014-12-31,1424947000.0,3181402000.0,4021964000.0
103,AME,2015-12-31,1425015000.0,3409904000.0,3974295000.0
104,AMG,2012-12-31,1748600000.0,4102900000.0,1748600000.0
105,AMG,2013-12-31,2069800000.0,4184600000.0,2069800000.0
106,AMG,2014-12-31,2404200000.0,5071100000.0,2404200000.0
107,AMG,2015-12-31,2435900000.0,4947700000.0,2435900000.0
108,AMGN,2013-12-31,15330000000.0,44029000000.0,18676000000.0
109,AMGN,2014-12-31,15641000000.0,43231000000.0,20063000000.0
110,AMGN,2015-12-31,17435000000.0,43366000000.0,21662000000.0
111,AMGN,2016-12-31,18829000000.0,47751000000.0,22991000000.0
112,AMP,2012-12-31,8360000000.0,125637000000.0,10259000000.0
113,AMP,2013-12-31,9276000000.0,136384000000.0,11230000000.0
114,AMP,2014-12-31,10314000000.0,140686000000.0,12296000000.0
115,AMP,2015-12-31,9939000000.0,138125000000.0,12200000000.0
116,AMT,2012-12-31,2153481000.0,10516328000.0,2875960000.0
117,AMT,2013-12-31,2501534000.0,16749500000.0,3361407000.0
118,AMT,2014-12-31,3005783000.0,17310005000.0,4100048000.0
119,AMT,2015-12-31,3462648000.0,20252593000.0,4771516000.0
120,AMZN,2013-12-31,20271000000.0,30413000000.0,74452000000.0
121,AMZN,2014-12-31,26236000000.0,43764000000.0,88988000000.0
122,AMZN,2015-12-31,35355000000.0,51363000000.0,107006000000.0
123,AMZN,2016-12-31,47722000000.0,64117000000.0,135987000000.0
124,AN,2013-12-31,2759900000.0,5852400000.0,17517600000.0
125,AN,2014-12-31,2988700000.0,6327600000.0,19108800000.0
126,AN,2015-12-31,3261500000.0,7198900000.0,20862000000.0
127,AN,2016-12-31,3313200000.0,7749700000.0,21609000000.0
128,ANTM,2012-12-31,13283600000.0,35152700000.0,61497200000.0
129,ANTM,2013-12-31,14786400000.0,34809300000.0,71023500000.0
130,ANTM,2014-12-31,17019200000.0,37425000000.0,73874100000.0
131,ANTM,2015-12-31,18039600000.0,38673700000.0,79156500000.0
132,AON,2012-12-31,11514000000.0,22724000000.0,11514000000.0
133,AON,2013-12-31,11815000000.0,22106000000.0,11815000000.0
134,AON,2014-12-31,12045000000.0,23201000000.0,12045000000.0
135,AON,2015-12-31,11682000000.0,21058000000.0,11682000000.0
136,APA,2012-12-31,13349000000.0,29406000000.0,16428000000.0
137,APA,2013-12-31,11833000000.0,28241000000.0,14771000000.0
138,APA,2014-12-31,10180000000.0,30015000000.0,12691000000.0
139,APA,2015-12-31,4318000000.0,16276000000.0,6383000000.0
140,APC,2013-12-31,11639000000.0,33924000000.0,14581000000.0
141,APC,2014-12-31,15153000000.0,41242000000.0,18470000000.0
142,APC,2015-12-31,5513000000.0,33512000000.0,8698000000.0
143,APC,2016-12-31,4969000000.0,33352000000.0,7869000000.0
144,APD,2013-09-30,2708300000.0,10808000000.0,10180400000.0
145,APD,2014-09-30,2809100000.0,10413300000.0,10439000000.0
146,APD,2015-09-30,2955900000.0,10085500000.0,9894900000.0
147,APD,2016-09-30,3121700000.0,10975700000.0,9524400000.0
148,APH,2012-12-31,1343200000.0,2785504000.0,4292100000.0
149,APH,2013-12-31,1450800000.0,3308500000.0,4614700000.0
150,APH,2014-12-31,1693800000.0,4078500000.0,5345500000.0
151,APH,2015-12-31,1779500000.0,4219900000.0,5568700000.0
152,ARNC,2012-12-31,3299000000.0,26980000000.0,23700000000.0
153,ARNC,2013-12-31,3746000000.0,25149000000.0,23032000000.0
154,ARNC,2014-12-31,4769000000.0,25057000000.0,23906000000.0
155,ARNC,2015-12-31,4465000000.0,24482000000.0,22534000000.0
156,ATVI,2012-12-31,3194000000.0,2883000000.0,4856000000.0
157,ATVI,2013-12-31,3052000000.0,7390000000.0,4583000000.0
158,ATVI,2014-12-31,2883000000.0,7409000000.0,4408000000.0
159,ATVI,2015-12-31,3079000000.0,7183000000.0,4664000000.0
160,AVB,2012-12-31,1000627000.0,4322863000.0,1000627000.0
161,AVB,2013-12-31,1462921000.0,6732011000.0,1462921000.0
162,AVB,2014-12-31,1685061000.0,7094173000.0,1685061000.0
163,AVB,2015-12-31,1856028000.0,7090779000.0,1856028000.0
164,AVGO,2015-11-01,3553000000.0,5801000000.0,6824000000.0
165,AVGO,2016-10-30,5940000000.0,31074000000.0,13240000000.0
166,AVY,2012-12-31,1528200000.0,3524400000.0,5863500000.0
167,AVY,2013-12-28,1637700000.0,3118400000.0,6140000000.0
168,AVY,2015-01-03,1651200000.0,3309200000.0,6330300000.0
169,AVY,2016-01-02,1645800000.0,3168000000.0,5966900000.0
170,AWK,2012-12-31,1524426000.0,10255127000.0,2853926000.0
171,AWK,2013-12-31,1590000000.0,10343161000.0,2879000000.0
172,AWK,2014-12-31,1661000000.0,11108000000.0,3011000000.0
173,AWK,2015-12-31,1755000000.0,12180000000.0,3159000000.0
174,AXP,2012-12-31,0.0,134254000000.0,33781000000.0
175,AXP,2013-12-31,0.0,133879000000.0,34828000000.0
176,AXP,2014-12-31,0.0,138430000000.0,35895000000.0
177,AXP,2015-12-31,0.0,140511000000.0,34441000000.0
178,AYI,2013-08-31,837600000.0,910300000.0,2089100000.0
179,AYI,2014-08-31,979200000.0,1002900000.0,2393500000.0
180,AYI,2015-08-31,1145600000.0,1047000000.0,2706700000.0
181,AYI,2016-08-31,1436200000.0,1288200000.0,3291300000.0
182,AZO,2013-08-31,4740935000.0,8579408000.0,9147530000.0
183,AZO,2014-08-30,4934907000.0,9119020000.0,9475313000.0
184,AZO,2015-08-29,5327031000.0,9803739000.0,10187340000.0
185,AZO,2016-08-27,5608736000.0,10387325000.0,10635676000.0
186,BA,2013-12-31,13355000000.0,77788000000.0,86623000000.0
187,BA,2014-12-31,14010000000.0,84256000000.0,90762000000.0
188,BA,2015-12-31,14026000000.0,88073000000.0,96114000000.0
189,BA,2016-12-31,13781000000.0,89180000000.0,94571000000.0
190,BAC,2012-12-31,0.0,1973018000000.0,100078000000.0
191,BAC,2013-12-31,0.0,1869588000000.0,101697000000.0
192,BAC,2014-12-31,0.0,1861063000000.0,95181000000.0
193,BAC,2015-12-31,0.0,1888111000000.0,93056000000.0
194,BAX,2012-12-31,7134000000.0,13452000000.0,13936000000.0
195,BAX,2013-12-31,4162000000.0,16761000000.0,9413000000.0
196,BAX,2014-12-31,4581000000.0,18018000000.0,10719000000.0
197,BAX,2015-12-31,4146000000.0,12129000000.0,9968000000.0
198,BBBY,2013-03-02,4388755000.0,2200222000.0,10914585000.0
199,BBBY,2014-03-01,4565582000.0,2414746000.0,11503963000.0
200,BBBY,2015-02-28,4619779000.0,4015803000.0,11881176000.0
201,BBBY,2016-02-27,4620310000.0,3939400000.0,12103887000.0
202,BBT,2012-12-31,0.0,163341000000.0,10737000000.0
203,BBT,2013-12-31,0.0,160251000000.0,10543000000.0
204,BBT,2014-12-31,0.0,162545000000.0,9998000000.0
205,BBT,2015-12-31,0.0,182641000000.0,10346000000.0
206,BBY,2012-03-03,10984000000.0,12260000000.0,45457000000.0
207,BBY,2014-02-01,9399000000.0,10027000000.0,40611000000.0
208,BBY,2015-01-31,9047000000.0,10250000000.0,40339000000.0
209,BBY,2016-01-30,9191000000.0,9141000000.0,39528000000.0
210,BCR,2013-12-31,1855100000.0,2952900000.0,3049500000.0
211,BCR,2014-12-31,2065000000.0,3287700000.0,3323600000.0
212,BCR,2015-12-31,2114800000.0,3388700000.0,3416000000.0
213,BCR,2016-12-31,2342300000.0,3631000000.0,3714000000.0
214,BDX,2013-09-30,4171000000.0,7106000000.0,8054000000.0
215,BDX,2014-09-30,4301000000.0,7395000000.0,8446000000.0
216,BDX,2015-09-30,4695000000.0,19314000000.0,10282000000.0
217,BDX,2016-09-30,5991000000.0,17953000000.0,12483000000.0
218,BHI,2013-12-31,3811000000.0,10221000000.0,22364000000.0
219,BHI,2014-12-31,4805000000.0,10202000000.0,24551000000.0
220,BHI,2015-12-31,1327000000.0,7782000000.0,15742000000.0
221,BHI,2016-12-31,-132000000.0,6378000000.0,9841000000.0
222,BIIB,2013-12-31,6074500000.0,3243093000.0,6932200000.0
223,BIIB,2014-12-31,8532300000.0,3505700000.0,9703300000.0
224,BIIB,2015-12-31,9523400000.0,10132000000.0,10763800000.0
225,BIIB,2016-12-31,9970100000.0,10736700000.0,11448800000.0
226,BK,2012-12-31,14528000000.0,322559000000.0,14528000000.0
227,BK,2013-12-31,14942000000.0,337019000000.0,14942000000.0
228,BK,2014-12-31,15649000000.0,347862000000.0,15649000000.0
229,BK,2015-12-31,14951000000.0,355743000000.0,14951000000.0
230,BLL,2012-12-31,1561700000.0,6392500000.0,8735700000.0
231,BLL,2013-12-31,1592700000.0,6595800000.0,8468100000.0
232,BLL,2014-12-31,1666500000.0,6537900000.0,8570000000.0
233,BLL,2015-12-31,1536700000.0,8525700000.0,7997000000.0
234,BMY,2012-12-31,13011000000.0,22274000000.0,17621000000.0
235,BMY,2013-12-31,11766000000.0,23438000000.0,16385000000.0
236,BMY,2014-12-31,11947000000.0,18897000000.0,15879000000.0
237,BMY,2015-12-31,12651000000.0,17482000000.0,16560000000.0
238,BSX,2012-12-31,4900000000.0,10284000000.0,7249000000.0
239,BSX,2013-12-31,4969000000.0,10032000000.0,7143000000.0
240,BSX,2014-12-31,5170000000.0,10567000000.0,7380000000.0
241,BSX,2015-12-31,5304000000.0,11813000000.0,7477000000.0
242,BWA,2013-12-31,1557500000.0,3356400000.0,7436600000.0
243,BWA,2014-12-31,1756400000.0,3611800000.0,8305100000.0
244,BWA,2015-12-31,1703100000.0,5272000000.0,8023200000.0
245,BWA,2016-12-31,1933100000.0,5616400000.0,9071000000.0
246,BXP,2012-12-31,1179978000.0,10254380000.0,1847186000.0
247,BXP,2013-12-31,1364136000.0,14383799000.0,2135539000.0
248,BXP,2014-12-31,1532472000.0,14188836000.0,2396998000.0
249,BXP,2015-12-31,1586485000.0,12670021000.0,2490821000.0
250,C,2012-12-31,59581000000.0,1675611000000.0,59581000000.0
251,C,2013-12-31,67997000000.0,1676043000000.0,67997000000.0
252,C,2014-12-31,69606000000.0,1631996000000.0,69606000000.0
253,C,2015-12-31,68024000000.0,1509353000000.0,68024000000.0
254,CAG,2013-05-26,3364900000.0,15140900000.0,13469300000.0
255,CAG,2014-05-25,2927400000.0,14061000000.0,11838200000.0
256,CAG,2015-05-31,2875600000.0,12911800000.0,11937000000.0
257,CAG,2016-05-29,3090800000.0,9677000000.0,11642900000.0
258,CAH,2013-06-30,4921000000.0,19844000000.0,101093000000.0
259,CAH,2014-06-30,5161000000.0,19632000000.0,91084000000.0
260,CAH,2015-06-30,5712000000.0,23886000000.0,102531000000.0
261,CAH,2016-06-30,6543000000.0,27568000000.0,121546000000.0
262,CAT,2013-12-31,14202000000.0,64085000000.0,55656000000.0
263,CAT,2014-12-31,13842000000.0,67935000000.0,55184000000.0
264,CAT,2015-12-31,12878000000.0,63533000000.0,47011000000.0
265,CAT,2016-12-31,9632000000.0,61567000000.0,38537000000.0
266,CB,2012-12-31,5316000000.0,65014000000.0,17936000000.0
267,CB,2013-12-31,6739000000.0,65685000000.0,19261000000.0
268,CB,2014-12-31,5930000000.0,68661000000.0,19171000000.0
269,CB,2015-12-31,6019000000.0,73231000000.0,18987000000.0
270,CBG,2012-12-31,768671000.0,6270331000.0,6514099000.0
271,CBG,2013-12-31,891095000.0,5102629000.0,7184794000.0
272,CBG,2014-12-31,999696000.0,5308180000.0,9049918000.0
273,CBG,2015-12-31,1139269000.0,8305291000.0,10855810000.0
274,CCI,2012-12-31,1703691000.0,13149963000.0,2432680000.0
275,CCI,2013-12-31,1874734000.0,13668191000.0,2865751000.0
276,CCI,2014-12-31,2232150000.0,14427051000.0,3538756000.0
277,CCI,2015-12-31,2342425000.0,14947024000.0,3663851000.0
278,CCL,2013-11-30,4811000000.0,15548000000.0,15456000000.0
279,CCL,2014-11-30,5463000000.0,15244000000.0,15884000000.0
280,CCL,2015-11-30,6267000000.0,15466000000.0,15714000000.0
281,CCL,2016-11-30,7006000000.0,16339000000.0,16389000000.0
282,CELG,2013-12-31,6153500000.0,7788300000.0,6493900000.0
283,CELG,2014-12-31,7284500000.0,10815300000.0,7670400000.0
284,CELG,2015-12-31,8835900000.0,21045400000.0,9256000000.0
285,CELG,2016-12-31,10791200000.0,21486300000.0,11229200000.0
286,CERN,2013-12-28,2396026000.0,930700000.0,2910748000.0
287,CERN,2015-01-03,2798326000.0,964597000.0,3402703000.0
288,CERN,2016-01-02,3674486000.0,1691600000.0,4425267000.0
289,CERN,2016-12-31,4017357000.0,1702016000.0,4796473000.0
290,CF,2012-12-31,3113300000.0,4264700000.0,6104000000.0
291,CF,2013-12-31,2520200000.0,5602000000.0,5474700000.0
292,CF,2014-12-31,1778500000.0,7044500000.0,4743200000.0
293,CF,2015-12-31,1547100000.0,8703700000.0,4308300000.0
294,CFG,2012-12-31,0.0,102924000000.0,5513000000.0
295,CFG,2013-12-31,0.0,102958000000.0,5133000000.0
296,CFG,2014-12-31,0.0,113589000000.0,5342000000.0
297,CFG,2015-12-31,0.0,118562000000.0,5276000000.0
298,CHD,2012-12-31,1291400000.0,2037200000.0,2921900000.0
299,CHD,2013-12-31,1438000000.0,1959800000.0,3194300000.0
300,CHD,2014-12-31,1452900000.0,2257300000.0,3297600000.0
301,CHD,2015-12-31,1511800000.0,2233700000.0,3394800000.0
302,CHK,2012-12-31,5235000000.0,23715000000.0,12316000000.0
303,CHK,2013-12-31,6150000000.0,23642000000.0,19080000000.0
304,CHK,2014-12-31,7076000000.0,22546000000.0,23125000000.0
305,CHK,2015-12-31,2469000000.0,14960000000.0,12764000000.0
306,CHRW,2012-12-31,1717571000.0,1299853000.0,11359113000.0
307,CHRW,2013-12-31,1836095000.0,1863094000.0,12752076000.0
308,CHRW,2014-12-31,2007652000.0,2167323000.0,13470067000.0
309,CHRW,2015-12-31,2268480000.0,2033908000.0,13476084000.0
310,CHTR,2013-12-31,2810000000.0,17144000000.0,8155000000.0
311,CHTR,2014-12-31,3135000000.0,24242000000.0,9108000000.0
312,CHTR,2015-12-31,3328000000.0,39362000000.0,9754000000.0
313,CHTR,2016-12-31,10348000000.0,108928000000.0,29003000000.0
314,CI,2012-12-31,11219000000.0,43965000000.0,29119000000.0
315,CI,2013-12-31,11515000000.0,43769000000.0,32380000000.0
316,CI,2014-12-31,13580000000.0,45096000000.0,34914000000.0
317,CI,2015-12-31,14586000000.0,45053000000.0,37876000000.0
318,CINF,2012-12-31,634000000.0,11095000000.0,4111000000.0
319,CINF,2013-12-31,783000000.0,11592000000.0,4531000000.0
320,CINF,2014-12-31,788000000.0,12175000000.0,4945000000.0
321,CINF,2015-12-31,947000000.0,12461000000.0,5142000000.0
322,CL,2012-12-31,9932000000.0,11205000000.0,17085000000.0
323,CL,2013-12-31,10201000000.0,11680000000.0,17420000000.0
324,CL,2014-12-31,10109000000.0,12314000000.0,17277000000.0
325,CL,2015-12-31,9399000000.0,12257000000.0,16034000000.0
326,CLX,2013-06-30,2391000000.0,4165000000.0,5533000000.0
327,CLX,2014-06-30,2356000000.0,4104000000.0,5514000000.0
328,CLX,2015-06-30,2465000000.0,4046000000.0,5655000000.0
329,CLX,2016-06-30,2598000000.0,4221000000.0,5761000000.0
330,CMA,2013-12-31,0.0,58074000000.0,2666000000.0
331,CMA,2014-12-31,0.0,61784000000.0,2607000000.0
332,CMA,2015-12-31,0.0,64317000000.0,2819000000.0
333,CMA,2016-12-31,0.0,65182000000.0,2960000000.0
334,CME,2012-12-31,2782400000.0,17444100000.0,2782400000.0
335,CME,2013-12-31,2784900000.0,33123000000.0,2784900000.0
336,CME,2014-12-31,2993100000.0,51318000000.0,2993100000.0
337,CME,2015-12-31,3209400000.0,46819700000.0,3209400000.0
338,CMG,2013-12-31,854769000.0,470992000.0,3214591000.0
339,CMG,2014-12-31,1117756000.0,514948000.0,4108269000.0
340,CMG,2015-12-31,1174287000.0,597092000.0,4501223000.0
341,CMG,2016-12-31,498214000.0,623610000.0,3904384000.0
342,CMI,2013-12-31,4280000000.0,7218000000.0,17301000000.0
343,CMI,2014-12-31,4861000000.0,8015000000.0,19221000000.0
344,CMI,2015-12-31,4947000000.0,7728000000.0,19110000000.0
345,CMI,2016-12-31,4452000000.0,8136000000.0,17509000000.0
346,CMS,2013-12-31,2004000000.0,13925000000.0,6566000000.0
347,CMS,2014-12-31,2089000000.0,15478000000.0,7179000000.0
348,CMS,2015-12-31,2175000000.0,16324000000.0,6456000000.0
349,CMS,2016-12-31,2389000000.0,17332000000.0,6399000000.0
350,CNC,2012-12-31,1329000000.0,1820849000.0,8110000000.0
351,CNC,2013-12-31,1868000000.0,2295000000.0,10863000000.0
352,CNC,2014-12-31,3882000000.0,4080000000.0,16560000000.0
353,CNC,2015-12-31,5518000000.0,5182000000.0,22760000000.0
354,CNP,2012-12-31,2705000000.0,18570000000.0,7452000000.0
355,CNP,2013-12-31,2351000000.0,17541000000.0,8106000000.0
356,CNP,2014-12-31,2336000000.0,18652000000.0,9226000000.0
357,CNP,2015-12-31,2277000000.0,17873000000.0,7386000000.0
358,COF,2012-12-31,0.0,272419000000.0,23771000000.0
359,COF,2013-12-31,0.0,255301000000.0,24176000000.0
360,COF,2014-12-31,0.0,263114000000.0,23869000000.0
361,COF,2015-12-31,0.0,286764000000.0,25038000000.0
362,COG,2012-12-31,914492000.0,2484866000.0,1204546000.0
363,COG,2013-12-31,1345997000.0,2776478000.0,1746278000.0
364,COG,2014-12-31,1648131000.0,3294983000.0,2173011000.0
365,COG,2015-12-31,776156000.0,3252711000.0,1357150000.0
366,COL,2013-09-30,1371000000.0,3782000000.0,4474000000.0
367,COL,2014-09-30,1510000000.0,5179000000.0,4979000000.0
368,COL,2015-09-30,1614000000.0,5429000000.0,5244000000.0
369,COL,2016-09-30,1617000000.0,5629000000.0,5259000000.0
370,COO,2013-10-31,1026808000.0,732726000.0,1587725000.0
371,COO,2014-10-31,1091570000.0,1888462000.0,1717776000.0
372,COO,2015-10-31,1070262000.0,1792355000.0,1797060000.0
373,COO,2016-10-31,1173079000.0,1776051000.0,1966814000.0
374,COST,2013-09-01,13208000000.0,19450000000.0,105156000000.0
375,COST,2014-08-31,14182000000.0,20721000000.0,112640000000.0
376,COST,2015-08-30,15134000000.0,22400000000.0,116199000000.0
377,COST,2016-08-28,15818000000.0,21084000000.0,118719000000.0
378,COTY,2003-06-30,1320000.0,2662000.0,1577000.0
379,COTY,2004-06-30,1373000.0,2577000.0,1514000.0
380,COTY,2006-02-28,4054000.0,94077000.0,79562000.0
381,COTY,2007-02-28,15165000.0,294033000.0,99642000.0
382,CPB,2013-07-28,2912000000.0,7106000000.0,8052000000.0
383,CPB,2014-08-03,2971000000.0,6498000000.0,8268000000.0
384,CPB,2015-08-02,2782000000.0,6696000000.0,8082000000.0
385,CPB,2016-07-31,2780000000.0,6312000000.0,7961000000.0
386,CRM,2013-01-31,2366616000.0,3211323000.0,3050195000.0
387,CRM,2014-01-31,3102575000.0,6114420000.0,4071003000.0
388,CRM,2015-01-31,4084316000.0,6689944000.0,5373586000.0
389,CRM,2016-01-31,5012668000.0,7767903000.0,6667216000.0
390,CSCO,2013-07-27,29440000000.0,42071000000.0,48607000000.0
391,CSCO,2014-07-26,27769000000.0,48416000000.0,47142000000.0
392,CSCO,2015-07-25,29681000000.0,53675000000.0,49161000000.0
393,CSCO,2016-07-30,30960000000.0,58066000000.0,49247000000.0
394,CSRA,2015-04-03,787445000.0,1094195000.0,4069746000.0
395,CSRA,2016-04-01,674816000.0,4781754000.0,4250447000.0
396,CSX,2013-12-31,8095000000.0,21299000000.0,12026000000.0
397,CSX,2014-12-26,8569000000.0,21901000000.0,12669000000.0
398,CSX,2015-12-25,8518000000.0,23093000000.0,11811000000.0
399,CSX,2016-12-30,8287000000.0,23735000000.0,11069000000.0
400,CTAS,2013-05-31,1753309000.0,2144140000.0,4245964000.0
401,CTAS,2014-05-31,1749759000.0,2269594000.0,4193844000.0
402,CTAS,2015-05-31,1921337000.0,2260005000.0,4476886000.0
403,CTAS,2016-05-31,2129870000.0,2261734000.0,4905458000.0
404,CTL,2012-12-31,10737000000.0,34651000000.0,18376000000.0
405,CTL,2013-12-31,10588000000.0,34596000000.0,18095000000.0
406,CTL,2014-12-31,10185000000.0,34080000000.0,18031000000.0
407,CTL,2015-12-31,10122000000.0,33544000000.0,17900000000.0
408,CTSH,2012-12-31,3068231000.0,1667188000.0,7346472000.0
409,CTSH,2013-12-31,3577700000.0,1998927000.0,8843200000.0
410,CTSH,2014-12-31,4121600000.0,3738800000.0,10262700000.0
411,CTSH,2015-12-31,4975800000.0,3787300000.0,12416000000.0
412,CTXS,2013-12-31,2415639000.0,1892442000.0,2918434000.0
413,CTXS,2014-12-31,2522637000.0,3338362000.0,3142856000.0
414,CTXS,2015-12-31,2661230000.0,3494071000.0,3275594000.0
415,CTXS,2016-12-31,2858724000.0,3781500000.0,3418265000.0
416,CVS,2013-12-31,23783000000.0,33588000000.0,126761000000.0
417,CVS,2014-12-31,25367000000.0,36229000000.0,139367000000.0
418,CVS,2015-12-31,26528000000.0,55241000000.0,153290000000.0
419,CVS,2016-12-31,28857000000.0,57632000000.0,177526000000.0
420,CVX,2012-12-31,67254000000.0,96458000000.0,230590000000.0
421,CVX,2013-12-31,60833000000.0,104640000000.0,220156000000.0
422,CVX,2014-12-31,55538000000.0,110998000000.0,200494000000.0
423,CVX,2015-12-31,37140000000.0,113387000000.0,129925000000.0
424,CXO,2012-12-31,1476071000.0,5123241000.0,1819814000.0
425,CXO,2013-12-31,1864483000.0,5833215000.0,2319919000.0
426,CXO,2014-12-31,2121773000.0,6470992000.0,2660147000.0
427,CXO,2015-12-31,1262214000.0,5699325000.0,1803573000.0
428,D,2012-12-31,4535000000.0,36270000000.0,12835000000.0
429,D,2013-12-31,5087000000.0,38454000000.0,13120000000.0
430,D,2014-12-31,4555000000.0,42772000000.0,12436000000.0
431,D,2015-12-31,5482000000.0,46133000000.0,11683000000.0
432,DAL,2013-12-31,16809000000.0,40609000000.0,37773000000.0
433,DAL,2014-12-31,17395000000.0,45192000000.0,40362000000.0
434,DAL,2015-12-31,23608000000.0,42284000000.0,40704000000.0
435,DAL,2016-12-31,23699000000.0,38974000000.0,39639000000.0
436,DD,2013-12-31,11356000000.0,35270000000.0,28998000000.0
437,DD,2014-12-31,11383000000.0,37170000000.0,28406000000.0
438,DD,2015-12-31,10018000000.0,31173000000.0,25130000000.0
439,DD,2016-12-31,10125000000.0,29966000000.0,24594000000.0
440,DE,2013-10-31,12128100000.0,49255500000.0,37795400000.0
441,DE,2014-10-31,11291100000.0,52273800000.0,36066900000.0
442,DE,2015-10-31,8719600000.0,51204200000.0,28862800000.0
443,DE,2016-10-31,8395100000.0,51461400000.0,26644000000.0
444,DFS,2012-11-30,0.0,65505000000.0,8984000000.0
445,DFS,2013-12-31,0.0,68531000000.0,9370000000.0
446,DFS,2014-12-31,0.0,71992000000.0,9611000000.0
447,DFS,2015-12-31,0.0,75661000000.0,10002000000.0
448,DG,2013-02-01,5085401000.0,5382352000.0,16022128000.0
449,DG,2014-01-31,5435742000.0,5465331000.0,17504167000.0
450,DG,2015-01-30,5802507000.0,5498604000.0,18909588000.0
451,DG,2016-01-29,6306091000.0,5880009000.0,20368562000.0
452,DGX,2012-12-31,3018000000.0,5121000000.0,7383000000.0
453,DGX,2013-12-31,2820000000.0,5000000000.0,7146000000.0
454,DGX,2014-12-31,2798000000.0,5556000000.0,7435000000.0
455,DGX,2015-12-31,2836000000.0,5278000000.0,7493000000.0
456,DHI,2013-09-30,1405800000.0,4797900000.0,6259300000.0
457,DHI,2014-09-30,1756300000.0,5069600000.0,8024900000.0
458,DHI,2015-09-30,2288300000.0,5256700000.0,10824000000.0
459,DHI,2016-09-30,2654800000.0,4766400000.0,12157400000.0
460,DHR,2012-12-31,9414300000.0,13924500000.0,18260400000.0
461,DHR,2013-12-31,9342000000.0,12286900000.0,18283100000.0
462,DHR,2014-12-31,9892600000.0,13613600000.0,19154000000.0
463,DHR,2015-12-31,10762500000.0,24531900000.0,20563100000.0
464,DIS,2013-09-28,20007000000.0,35812000000.0,45041000000.0
465,DIS,2014-09-27,22393000000.0,39183000000.0,48813000000.0
466,DIS,2015-10-03,24101000000.0,43657000000.0,52465000000.0
467,DIS,2016-10-01,25639000000.0,48768000000.0,55632000000.0
468,DISCA,2013-12-31,3846000000.0,8783000000.0,5535000000.0
469,DISCA,2014-12-31,4141000000.0,10368000000.0,6265000000.0
470,DISCA,2015-12-31,4051000000.0,10413000000.0,6394000000.0
471,DISCA,2016-12-31,4065000000.0,10591000000.0,6497000000.0
472,DISCK,2013-12-31,3846000000.0,8783000000.0,5535000000.0
473,DISCK,2014-12-31,4141000000.0,10368000000.0,6265000000.0
474,DISCK,2015-12-31,4051000000.0,10413000000.0,6394000000.0
475,DISCK,2016-12-31,4065000000.0,10591000000.0,6497000000.0
476,DLPH,2013-12-31,2777000000.0,8136000000.0,15051000000.0
477,DLPH,2014-12-31,3028000000.0,8211000000.0,15499000000.0
478,DLPH,2015-12-31,3010000000.0,9723000000.0,15165000000.0
479,DLPH,2016-12-31,3554000000.0,9891000000.0,16661000000.0
480,DLR,2012-12-31,817169000.0,5350909000.0,1279067000.0
481,DLR,2013-12-31,926599000.0,6016314000.0,1482259000.0
482,DLR,2014-12-31,1013117000.0,5648528000.0,1616438000.0
483,DLR,2015-12-31,1112054000.0,6951135000.0,1763336000.0
484,DLTR,2013-02-02,2652700000.0,1084700000.0,7394500000.0
485,DLTR,2014-02-01,2789800000.0,1601200000.0,7840300000.0
486,DLTR,2015-01-31,3034000000.0,1707700000.0,8602200000.0
487,DLTR,2016-01-30,4656700000.0,11494300000.0,15498400000.0
488,DNB,2012-12-31,1663000000.0,3009200000.0,1663000000.0
489,DNB,2013-12-31,1558400000.0,2938700000.0,1558400000.0
490,DNB,2014-12-31,1584500000.0,3189500000.0,1584500000.0
491,DNB,2015-12-31,1637100000.0,3390400000.0,1637100000.0
492,DOV,2013-12-31,2778591000.0,5477785000.0,7155096000.0
493,DOV,2014-12-31,2974249000.0,5329566000.0,7752728000.0
494,DOV,2015-12-31,2568144000.0,4961501000.0,6956311000.0
495,DOV,2016-12-31,2471969000.0,6316245000.0,6794342000.0
496,DPS,2013-12-31,3498000000.0,5924000000.0,5997000000.0
497,DPS,2014-12-31,3630000000.0,5971000000.0,6121000000.0
498,DPS,2015-12-31,3723000000.0,6686000000.0,6282000000.0
499,DPS,2016-12-31,3858000000.0,7657000000.0,6440000000.0
500,DRI,2013-05-26,1304400000.0,4877400000.0,5921000000.0
501,DRI,2014-05-25,1295100000.0,4925800000.0,6285600000.0
502,DRI,2015-05-31,1422500000.0,3661200000.0,6764000000.0
503,DRI,2016-05-29,1541100000.0,2630600000.0,6933500000.0
504,DUK,2012-12-31,6677000000.0,72993000000.0,17912000000.0
505,DUK,2013-12-31,9211000000.0,73449000000.0,22756000000.0
506,DUK,2014-12-31,9602000000.0,79682000000.0,23925000000.0
507,DUK,2015-12-31,9731000000.0,81429000000.0,23459000000.0
508,DVA,2012-12-31,2602731000.0,12251496000.0,8186280000.0
509,DVA,2013-12-31,3565673000.0,12666398000.0,11764050000.0
510,DVA,2014-12-31,3675801000.0,12446919000.0,12795106000.0
511,DVA,2015-12-31,3957003000.0,13644095000.0,13781837000.0
512,DVN,2013-12-31,8129000000.0,22378000000.0,10397000000.0
513,DVN,2014-12-31,18306000000.0,29098000000.0,20638000000.0
514,DVN,2015-12-31,11041000000.0,22402000000.0,13145000000.0
515,DVN,2016-12-31,10615000000.0,19986000000.0,12197000000.0
516,EA,2013-03-31,2409000000.0,2803000000.0,3797000000.0
517,EA,2014-03-31,2228000000.0,3294000000.0,3575000000.0
518,EA,2015-03-31,3086000000.0,3111000000.0,4515000000.0
519,EA,2016-03-31,3042000000.0,3654000000.0,4396000000.0
520,EBAY,2013-12-31,6765000000.0,17841000000.0,8257000000.0
521,EBAY,2014-12-31,7127000000.0,25226000000.0,8790000000.0
522,EBAY,2015-12-31,6821000000.0,11179000000.0,8592000000.0
523,EBAY,2016-12-31,6972000000.0,13308000000.0,8979000000.0
524,ECL,2012-12-31,5453300000.0,11495300000.0,11838700000.0
525,ECL,2013-12-31,6092200000.0,12292200000.0,13253400000.0
526,ECL,2014-12-31,6601400000.0,12111500000.0,14280500000.0
527,ECL,2015-12-31,6321600000.0,11731800000.0,13545100000.0
528,ED,2013-12-31,5163000000.0,28402000000.0,12354000000.0
529,ED,2014-12-31,5112000000.0,31495000000.0,12919000000.0
530,ED,2015-12-31,5494000000.0,32590000000.0,12554000000.0
531,ED,2016-12-31,5718000000.0,33957000000.0,12075000000.0
532,EFX,2012-12-31,1313500000.0,2586900000.0,2073000000.0
533,EFX,2013-12-31,1516600000.0,2239200000.0,2303900000.0
534,EFX,2014-12-31,1591700000.0,2460900000.0,2436400000.0
535,EFX,2015-12-31,1776200000.0,2198100000.0,2663600000.0
536,EIX,2012-12-31,4115000000.0,34962000000.0,11862000000.0
537,EIX,2013-12-31,4217000000.0,36708000000.0,12581000000.0
538,EIX,2014-12-31,4671000000.0,38774000000.0,13413000000.0
539,EIX,2015-12-31,4268000000.0,38942000000.0,11524000000.0
540,EL,2013-06-30,8155800000.0,3843300000.0,10181700000.0
541,EL,2014-06-30,8810600000.0,3999400000.0,10968800000.0
542,EL,2015-06-30,8679800000.0,4572600000.0,10780400000.0
543,EL,2016-06-30,9081200000.0,5636000000.0,11262300000.0
544,EMN,2012-12-31,1762000000.0,8767000000.0,8102000000.0
545,EMN,2013-12-31,2776000000.0,8049000000.0,9350000000.0
546,EMN,2014-12-31,2221000000.0,12562000000.0,9527000000.0
547,EMN,2015-12-31,2580000000.0,11670000000.0,9648000000.0
548,EMR,2013-09-30,9952000000.0,14126000000.0,24669000000.0
549,EMR,2014-09-30,7762000000.0,14058000000.0,17733000000.0
550,EMR,2015-09-30,7008000000.0,14007000000.0,16249000000.0
551,EMR,2016-09-30,6262000000.0,14175000000.0,14522000000.0
552,EOG,2012-12-31,9983208000.0,14051814000.0,11682636000.0
553,EOG,2013-12-31,12420225000.0,15155779000.0,14487118000.0
554,EOG,2014-12-31,15500951000.0,17050105000.0,18035340000.0
555,EOG,2015-12-31,6579671000.0,14032209000.0,8757428000.0
556,EQIX,2012-12-31,942759000.0,3822356000.0,1887376000.0
557,EQIX,2013-12-31,1088363000.0,5033295000.0,2152766000.0
558,EQIX,2014-12-31,1245891000.0,5511847000.0,2443776000.0
559,EQIX,2015-12-31,1434361000.0,7611309000.0,2725867000.0
560,EQR,2012-12-31,1121995000.0,9911187000.0,1747502000.0
561,EQR,2013-12-31,1553474000.0,12327344000.0,2387702000.0
562,EQR,2014-12-31,1731184000.0,12582158000.0,2614748000.0
563,EQR,2015-12-31,1839797000.0,12686960000.0,2744965000.0
564,EQT,2013-12-31,1504616000.0,5757265000.0,1859177000.0
565,EQT,2014-12-31,1944794000.0,7452538000.0,2388768000.0
566,EQT,2015-12-31,1430957000.0,8898381000.0,1954000000.0
567,EQT,2016-12-31,1243430000.0,9612641000.0,1857339000.0
568,ES,2012-12-31,2606353000.0,19065774000.0,6273787000.0
569,ES,2013-12-31,3303264000.0,18184009000.0,7301204000.0
570,ES,2014-12-31,3292717000.0,19763572000.0,7741856000.0
571,ES,2015-12-31,3538633000.0,20228094000.0,7954827000.0
572,ESS,2012-12-31,362986000.0,3082419000.0,535153000.0
573,ESS,2013-12-31,413254000.0,3302220000.0,610590000.0
574,ESS,2014-12-31,658392000.0,5504060000.0,970938000.0
575,ESS,2015-12-31,830899000.0,5767358000.0,1194407000.0
576,ETFC,2012-12-31,1365000000.0,42482269000.0,1365000000.0
577,ETFC,2013-12-31,1466000000.0,41424000000.0,1466000000.0
578,ETFC,2014-12-31,1665000000.0,40155000000.0,1665000000.0
579,ETFC,2015-12-31,1403000000.0,39628000000.0,1403000000.0
580,ETN,2012-12-31,4863000000.0,20632000000.0,16311000000.0
581,ETN,2013-12-31,6677000000.0,18628000000.0,22046000000.0
582,ETN,2014-12-31,6906000000.0,17690000000.0,22552000000.0
583,ETN,2015-12-31,6563000000.0,15800000000.0,20855000000.0
584,ETR,2012-12-31,3718452000.0,33911413000.0,10302079000.0
585,ETR,2013-12-31,3802062000.0,33679980000.0,11390947000.0
586,ETR,2014-12-31,4368734000.0,36312730000.0,12494921000.0
587,ETR,2015-12-31,4063978000.0,35390890000.0,11513251000.0
588,EW,2012-12-31,1408600000.0,742200000.0,1899600000.0
589,EW,2013-12-31,1528900000.0,1165500000.0,2045500000.0
590,EW,2014-12-31,1697300000.0,1331600000.0,2322900000.0
591,EW,2015-12-31,1876500000.0,1556200000.0,2493700000.0
592,EXC,2013-12-31,6894000000.0,56999000000.0,24888000000.0
593,EXC,2014-12-31,5858000000.0,63615000000.0,27429000000.0
594,EXC,2015-12-31,8041000000.0,69398000000.0,29447000000.0
595,EXC,2016-12-31,8672000000.0,89067000000.0,31360000000.0
596,EXPD,2012-12-31,1835370000.0,926426000.0,5992215000.0
597,EXPD,2013-12-31,1882853000.0,930029000.0,6080257000.0
598,EXPD,2014-12-31,1981427000.0,1022497000.0,6564721000.0
599,EXPD,2015-12-31,2187777000.0,890445000.0,6616632000.0
600,EXPE,2013-12-31,3733225000.0,5594017000.0,4771259000.0
601,EXPE,2014-12-31,4584404000.0,7236271000.0,5763485000.0
602,EXPE,2015-12-31,5362758000.0,10621281000.0,6672317000.0
603,EXPE,2016-12-31,7176866000.0,11645245000.0,8773564000.0
604,EXR,2012-12-31,295368000.0,1731670000.0,409396000.0
605,EXR,2013-12-31,380601000.0,2218670000.0,520613000.0
606,EXR,2014-12-31,474739000.0,2644562000.0,647155000.0
607,EXR,2015-12-31,578305000.0,3982330000.0,782270000.0
608,F,2013-12-31,23867000000.0,176067000000.0,146917000000.0
609,F,2014-12-31,12174000000.0,184177000000.0,144077000000.0
610,F,2015-12-31,18149000000.0,196283000000.0,149558000000.0
611,F,2016-12-31,16312000000.0,208781000000.0,151800000000.0
612,FAST,2013-12-31,1719445000.0,303087000.0,3326106000.0
613,FAST,2014-12-31,1897402000.0,443885000.0,3733507000.0
614,FAST,2015-12-31,1948934000.0,731173000.0,3869187000.0
615,FAST,2016-12-31,1964777000.0,735790000.0,3962036000.0
616,FB,2013-12-31,5997000000.0,2425000000.0,7872000000.0
617,FB,2014-12-31,10313000000.0,3870000000.0,12466000000.0
618,FB,2015-12-31,15061000000.0,5189000000.0,17928000000.0
619,FB,2016-12-31,23849000000.0,5767000000.0,27638000000.0
620,FBHS,2012-12-31,1041600000.0,1492800000.0,3134800000.0
621,FBHS,2013-12-31,1295100000.0,1528700000.0,3703600000.0
622,FBHS,2014-12-31,1366900000.0,1793400000.0,4013600000.0
623,FBHS,2015-12-31,1581900000.0,2427700000.0,4579400000.0
624,FCX,2012-12-31,6449000000.0,17897000000.0,18010000000.0
625,FCX,2013-12-31,6284000000.0,42539000000.0,20921000000.0
626,FCX,2014-12-31,1934000000.0,40387000000.0,21438000000.0
627,FCX,2015-12-31,-12647000000.0,38749000000.0,15877000000.0
628,FDX,2013-05-31,27839000000.0,16169000000.0,44287000000.0
629,FDX,2014-05-31,28515000000.0,17793000000.0,45567000000.0
630,FDX,2015-05-31,30469000000.0,21538000000.0,47453000000.0
631,FDX,2016-05-31,33038000000.0,32280000000.0,50365000000.0
632,FE,2012-12-31,8538000000.0,37410000000.0,15255000000.0
633,FE,2013-12-31,8433000000.0,37732000000.0,14892000000.0
634,FE,2014-12-31,8053000000.0,39228000000.0,15049000000.0
635,FE,2015-12-31,8853000000.0,39766000000.0,15026000000.0
636,FFIV,2013-09-30,1228267000.0,691842000.0,1481314000.0
637,FFIV,2014-09-30,1422087000.0,815640000.0,1732046000.0
638,FFIV,2015-09-30,1587562000.0,995562000.0,1919823000.0
639,FFIV,2016-09-30,1657829000.0,1121061000.0,1995034000.0
640,FIS,2012-12-31,1839600000.0,6908800000.0,5795800000.0
641,FIS,2013-12-31,1970700000.0,7379600000.0,6063400000.0
642,FIS,2014-12-31,2085500000.0,7963800000.0,6413800000.0
643,FIS,2015-12-31,2202000000.0,16947800000.0,6595200000.0
644,FISV,2012-12-31,1872000000.0,5080000000.0,4436000000.0
645,FISV,2013-12-31,2038000000.0,5928000000.0,4814000000.0
646,FISV,2014-12-31,2185000000.0,6013000000.0,5066000000.0
647,FISV,2015-12-31,2345000000.0,6680000000.0,5254000000.0
648,FL,2013-02-02,2034000000.0,990000000.0,6182000000.0
649,FL,2014-02-01,2133000000.0,991000000.0,6505000000.0
650,FL,2015-01-31,2374000000.0,1081000000.0,7151000000.0
651,FL,2016-01-30,2505000000.0,1222000000.0,7412000000.0
652,FLIR,2012-12-31,735184000.0,590754000.0,1405358000.0
653,FLIR,2013-12-31,737010000.0,729979000.0,1496372000.0
654,FLIR,2014-12-31,750373000.0,739538000.0,1530654000.0
655,FLIR,2015-12-31,753561000.0,756885000.0,1557067000.0
656,FLR,2013-12-31,1365191000.0,4566863000.0,27351573000.0
657,FLR,2014-12-31,1399033000.0,5083558000.0,21531577000.0
658,FLR,2015-12-31,1094696000.0,4628059000.0,18114048000.0
659,FLR,2016-12-31,790316000.0,6091226000.0,19036525000.0
660,FLS,2013-12-31,1688095000.0,3166354000.0,4954619000.0
661,FLS,2014-12-31,1714617000.0,3036458000.0,4877885000.0
662,FLS,2015-12-31,1487318000.0,3314180000.0,4561030000.0
663,FLS,2016-12-31,1231554000.0,3094528000.0,3991462000.0
664,FMC,2012-12-31,1268300000.0,2893600000.0,3409900000.0
665,FMC,2013-12-31,1200900000.0,3715400000.0,3130700000.0
666,FMC,2014-12-31,1210900000.0,3795500000.0,3258700000.0
667,FMC,2015-12-31,1075400000.0,4460200000.0,3276500000.0
668,FRT,2013-12-31,446959000.0,2771134000.0,637413000.0
669,FRT,2014-12-31,474167000.0,2942469000.0,686090000.0
670,FRT,2015-12-31,510595000.0,3232810000.0,744012000.0
671,FRT,2016-12-31,547979000.0,3446546000.0,801591000.0
672,FSLR,2012-12-31,852749000.0,2743166000.0,3368545000.0
673,FSLR,2013-12-31,864632000.0,2380385000.0,3309616000.0
674,FSLR,2014-12-31,824941000.0,1729504000.0,3391187000.0
675,FSLR,2015-12-31,919267000.0,1767844000.0,3578995000.0
676,FTR,2012-12-31,5011853000.0,13626035000.0,5011853000.0
677,FTR,2013-12-31,4762000000.0,12580003000.0,4762000000.0
678,FTR,2014-12-31,4772000000.0,15152000000.0,4772000000.0
679,FTR,2015-12-31,5576000000.0,21470000000.0,5576000000.0
680,GD,2013-12-31,5728000000.0,20993000000.0,30930000000.0
681,GD,2014-12-31,5873000000.0,23508000000.0,30852000000.0
682,GD,2015-12-31,6130000000.0,21259000000.0,31469000000.0
683,GD,2016-12-31,6249000000.0,21896000000.0,31353000000.0
684,GGP,2012-12-31,1625965000.0,19660707000.0,2426301000.0
685,GGP,2013-12-31,1670922000.0,17659182000.0,2486017000.0
686,GGP,2014-12-31,1751957000.0,17675713000.0,2535559000.0
687,GGP,2015-12-31,1656630000.0,15803512000.0,2403906000.0
688,GILD,2012-12-31,7231000000.0,11937246000.0,9702000000.0
689,GILD,2013-12-31,8343000000.0,11209000000.0,11202000000.0
690,GILD,2014-12-31,21102000000.0,19238000000.0,24890000000.0
691,GILD,2015-12-31,28633000000.0,33305000000.0,32639000000.0
692,GIS,2013-05-26,6423900000.0,15985800000.0,17774100000.0
693,GIS,2014-05-25,6369800000.0,16610900000.0,17909600000.0
694,GIS,2015-05-31,5949200000.0,16835300000.0,17630300000.0
695,GIS,2016-05-29,5829500000.0,16782100000.0,16563100000.0
696,GLW,2013-12-31,3324000000.0,7316000000.0,7819000000.0
697,GLW,2014-12-31,4052000000.0,8484000000.0,9715000000.0
698,GLW,2015-12-31,3653000000.0,9739000000.0,9111000000.0
699,GLW,2016-12-31,3746000000.0,10006000000.0,9390000000.0
700,GM,2013-12-31,18054000000.0,123737000000.0,155427000000.0
701,GM,2014-12-31,13808000000.0,142044000000.0,155929000000.0
702,GM,2015-12-31,18302000000.0,154467000000.0,152356000000.0
703,GM,2016-12-31,21255000000.0,177854000000.0,166380000000.0
704,GPC,2012-12-31,3778091000.0,3809174000.0,13013868000.0
705,GPC,2013-12-31,4219920000.0,4331223000.0,14077843000.0
706,GPC,2014-12-31,4593761000.0,4944990000.0,15341647000.0
707,GPC,2015-12-31,4555852000.0,4998204000.0,15280044000.0
708,GPN,2013-05-31,1513848000.0,1978971000.0,2375923000.0
709,GPN,2014-05-31,1602011000.0,3021423000.0,2554236000.0
710,GPN,2015-05-31,1751611000.0,5021325000.0,2773718000.0
711,GPN,2016-05-31,1750511000.0,7763476000.0,2898150000.0
712,GPS,2013-02-02,6171000000.0,4576000000.0,15651000000.0
713,GPS,2014-02-01,6293000000.0,4787000000.0,16148000000.0
714,GPS,2015-01-31,6289000000.0,4707000000.0,16435000000.0
715,GPS,2016-01-30,5720000000.0,4928000000.0,15797000000.0
716,GRMN,2012-12-29,1438480000.0,1287328000.0,2715675000.0
717,GRMN,2013-12-28,1407300000.0,1219897000.0,2631851000.0
718,GRMN,2014-12-27,1604412000.0,1289936000.0,2870658000.0
719,GRMN,2015-12-26,1538704000.0,1154265000.0,2820270000.0
720,GT,2013-12-31,4118000000.0,15921000000.0,19540000000.0
721,GT,2014-12-31,4232000000.0,14434000000.0,18138000000.0
722,GT,2015-12-31,4279000000.0,12471000000.0,16443000000.0
723,GT,2016-12-31,4186000000.0,12004000000.0,15158000000.0
724,GWW,2012-12-31,3916160000.0,1990686000.0,8950045000.0
725,GWW,2013-12-31,4136483000.0,2015890000.0,9437758000.0
726,GWW,2014-12-31,4314242000.0,2073177000.0,9964953000.0
727,GWW,2015-12-31,4231428000.0,3591121000.0,9973384000.0
728,HAL,2013-12-31,4471000000.0,15642000000.0,29402000000.0
729,HAL,2014-12-31,5536000000.0,15898000000.0,32870000000.0
730,HAL,2015-12-31,2520000000.0,21480000000.0,23633000000.0
731,HAL,2016-12-31,864000000.0,17591000000.0,15887000000.0
732,HAR,2013-06-30,1104120000.0,1590814000.0,4297842000.0
733,HAR,2014-06-30,1456667000.0,2333012000.0,5348483000.0
734,HAR,2015-06-30,1817104000.0,3491287000.0,6155297000.0
735,HAR,2016-06-30,2093091000.0,3601569000.0,6911676000.0
736,HAS,2012-12-31,2417003000.0,2818008000.0,4088983000.0
737,HAS,2013-12-29,2409256000.0,2719924000.0,4082157000.0
738,HAS,2014-12-28,2578835000.0,3052436000.0,4277207000.0
739,HAS,2015-12-27,2770476000.0,3056815000.0,4447509000.0
740,HBAN,2012-12-31,0.0,50362974000.0,3036584000.0
741,HBAN,2013-12-31,0.0,53377021000.0,2872833000.0
742,HBAN,2014-12-31,0.0,59969840000.0,2955641000.0
743,HBAN,2015-12-31,0.0,64449945000.0,3153251000.0
744,HBI,2013-12-28,1611693000.0,2859425000.0,4627802000.0
745,HBI,2015-01-03,1904407000.0,3821421000.0,5324746000.0
746,HBI,2016-01-02,2136332000.0,4321699000.0,5731549000.0
747,HBI,2016-12-31,2276048000.0,5683820000.0,6028199000.0
748,HCA,2012-12-31,27296000000.0,37735000000.0,33013000000.0
749,HCA,2013-12-31,28212000000.0,37101000000.0,34182000000.0
750,HCA,2014-12-31,30656000000.0,38874000000.0,36918000000.0
751,HCA,2015-12-31,33040000000.0,40343000000.0,39678000000.0
752,HCN,2012-12-31,1197990000.0,9254308000.0,1765979000.0
753,HCN,2013-12-31,1641132000.0,11669374000.0,2847945000.0
754,HCN,2014-12-31,1902521000.0,11787770000.0,3305879000.0
755,HCN,2015-12-31,2153428000.0,14433285000.0,3775685000.0
756,HCP,2013-12-31,2013719000.0,9352570000.0,2013719000.0
757,HCP,2014-12-31,1563210000.0,10596139000.0,1563210000.0
758,HCP,2015-12-31,1828305000.0,12106206000.0,1828305000.0
759,HCP,2016-12-31,2040486000.0,10211670000.0,2040486000.0
760,HD,2013-02-03,25842000000.0,23307000000.0,74754000000.0
761,HD,2014-02-02,26915000000.0,27996000000.0,78812000000.0
762,HD,2015-02-01,28389000000.0,30624000000.0,83176000000.0
763,HD,2016-01-31,30265000000.0,36233000000.0,88519000000.0
764,HES,2012-12-31,8710000000.0,22351000000.0,12245000000.0
765,HES,2013-12-31,7936000000.0,18034000000.0,11905000000.0
766,HES,2014-12-31,6984000000.0,16202000000.0,10737000000.0
767,HES,2015-12-31,3313000000.0,14809000000.0,6636000000.0
768,HIG,2012-12-31,8891000000.0,276066000000.0,22086000000.0
769,HIG,2013-12-31,9625000000.0,258979000000.0,20673000000.0
770,HIG,2014-12-31,7809000000.0,226293000000.0,18614000000.0
771,HIG,2015-12-31,7602000000.0,210706000000.0,18377000000.0
772,HOG,2012-12-31,2139883000.0,6613149000.0,5580506000.0
773,HOG,2013-12-31,2278455000.0,6395554000.0,5899872000.0
774,HOG,2014-12-31,2440485000.0,6618811000.0,6228508000.0
775,HOG,2015-12-31,2375790000.0,8151513000.0,5995402000.0
776,HOLX,2013-09-28,1161400000.0,7059300000.0,2492300000.0
777,HOLX,2014-09-27,1245500000.0,6351700000.0,2530700000.0
778,HOLX,2015-09-26,1432700000.0,5563300000.0,2705000000.0
779,HOLX,2016-09-24,1563300000.0,5174300000.0,2832700000.0
780,HON,2013-12-31,10691000000.0,27968000000.0,39055000000.0
781,HON,2014-12-31,11349000000.0,27794000000.0,40306000000.0
782,HON,2015-12-31,11834000000.0,31033000000.0,38581000000.0
783,HON,2016-12-31,12152000000.0,34777000000.0,39302000000.0
784,HP,2013-09-30,1534846000.0,1821100000.0,3387614000.0
785,HP,2014-09-30,1709253000.0,1830021000.0,3715968000.0
786,HP,2015-09-30,1458226000.0,2251396000.0,3161702000.0
787,HP,2016-09-30,725427000.0,2271094000.0,1624232000.0
788,HPE,2014-10-31,15637000000.0,28295000000.0,55123000000.0
789,HPE,2015-10-31,14939000000.0,46381000000.0,52107000000.0
790,HPE,2016-10-31,14616000000.0,48231000000.0,50123000000.0
791,HPQ,2013-10-31,25918000000.0,78407000000.0,112298000000.0
792,HPQ,2014-10-31,11220000000.0,76475000000.0,56651000000.0
793,HPQ,2015-10-31,9939000000.0,79114000000.0,51463000000.0
794,HPQ,2016-10-31,8998000000.0,32899000000.0,48238000000.0
795,HRB,2013-04-30,1683341000.0,3274232000.0,2807114000.0
796,HRB,2014-04-30,1844890000.0,3136980000.0,3024295000.0
797,HRB,2015-04-30,1847554000.0,2682471000.0,3078658000.0
798,HRB,2016-04-30,1787833000.0,2834672000.0,3038153000.0
799,HRL,2013-10-27,1412816000.0,1604840000.0,8751654000.0
800,HRL,2014-10-26,1564983000.0,1849941000.0,9316256000.0
801,HRL,2015-10-31,1808581000.0,2141633000.0,9263863000.0
802,HRL,2016-10-30,2158175000.0,1922061000.0,9523224000.0
803,HRS,2013-06-28,1727000000.0,3297200000.0,5112000000.0
804,HRS,2014-06-27,1702000000.0,3094000000.0,5012000000.0
805,HRS,2015-07-03,1735000000.0,9725000000.0,5083000000.0
806,HRS,2016-07-01,2335000000.0,8939000000.0,7467000000.0
807,HSIC,2012-12-29,2507513000.0,2720412000.0,8939967000.0
808,HSIC,2013-12-28,2656014000.0,2839439000.0,9560647000.0
809,HSIC,2014-12-27,2911315000.0,3325213000.0,10371390000.0
810,HSIC,2015-12-26,3012259000.0,3620484000.0,10629719000.0
811,HST,2012-12-31,3174000000.0,6169000000.0,5059000000.0
812,HST,2013-12-31,3177000000.0,5586000000.0,5166000000.0
813,HST,2014-12-31,3321000000.0,4836000000.0,5354000000.0
814,HST,2015-12-31,3375000000.0,4720000000.0,5387000000.0
815,HSY,2012-12-31,2859882000.0,3718090000.0,6644252000.0
816,HSY,2013-12-31,3280848000.0,3752654000.0,7146079000.0
817,HSY,2014-12-31,3336166000.0,4167808000.0,7421768000.0
818,HSY,2015-12-31,3382675000.0,4346374000.0,7386626000.0
819,HUM,2013-12-31,8749000000.0,11419000000.0,41313000000.0
820,HUM,2014-12-31,10334000000.0,13881000000.0,48500000000.0
821,HUM,2015-12-31,10020000000.0,14332000000.0,54289000000.0
822,HUM,2016-12-31,9372000000.0,14711000000.0,54379000000.0
823,IBM,2012-12-31,50361000000.0,100353000000.0,102874000000.0
824,IBM,2013-12-31,48684000000.0,103431000000.0,98367000000.0
825,IBM,2014-12-31,46407000000.0,105403000000.0,92793000000.0
826,IBM,2015-12-31,40684000000.0,96233000000.0,81741000000.0
827,IDXX,2012-12-31,699148000.0,467379000.0,1293338000.0
828,IDXX,2013-12-31,756118000.0,712330000.0,1377058000.0
829,IDXX,2014-12-31,816116000.0,1266695000.0,1485807000.0
830,IDXX,2015-12-31,890270000.0,1559118000.0,1601892000.0
831,IFF,2012-12-31,1175534000.0,1993637000.0,2821446000.0
832,IFF,2013-12-31,1284205000.0,1864680000.0,2952896000.0
833,IFF,2014-12-31,1362150000.0,1971932000.0,3088533000.0
834,IFF,2015-12-31,1351599000.0,2126464000.0,3023189000.0
835,ILMN,2013-12-29,911887000.0,1485804000.0,1421178000.0
836,ILMN,2014-12-28,1297710000.0,1876842000.0,1861358000.0
837,ILMN,2016-01-03,1549290000.0,1839194000.0,2219762000.0
838,ILMN,2017-01-01,1666448000.0,2083371000.0,2398373000.0
839,INTC,2013-12-28,31521000000.0,34102000000.0,52708000000.0
840,INTC,2014-12-27,35609000000.0,36035000000.0,55870000000.0
841,INTC,2015-12-26,34679000000.0,40374000000.0,55355000000.0
842,INTC,2016-12-31,36191000000.0,47101000000.0,59387000000.0
843,INTU,2013-07-31,3419000000.0,1955000000.0,3946000000.0
844,INTU,2014-07-31,3640000000.0,2123000000.0,4243000000.0
845,INTU,2015-07-31,3497000000.0,2636000000.0,4192000000.0
846,INTU,2016-07-31,3964000000.0,3089000000.0,4694000000.0
847,IP,2012-12-31,6565000000.0,25849000000.0,21852000000.0
848,IP,2013-12-31,7201000000.0,23423000000.0,23483000000.0
849,IP,2014-12-31,7363000000.0,23569000000.0,23617000000.0
850,IP,2015-12-31,6897000000.0,26703000000.0,22365000000.0
851,IPG,2012-12-31,6956200000.0,11073300000.0,6956200000.0
852,IPG,2013-12-31,7122300000.0,10689800000.0,7122300000.0
853,IPG,2014-12-31,7537100000.0,10620300000.0,7537100000.0
854,IPG,2015-12-31,7613800000.0,10619600000.0,7613800000.0
855,IRM,2012-12-31,1726842000.0,5208368000.0,3003955000.0
856,IRM,2013-12-31,1735745000.0,5611767000.0,3024623000.0
857,IRM,2014-12-31,1773057000.0,5666910000.0,3117693000.0
858,IRM,2015-12-31,1717951000.0,5841746000.0,3007976000.0
859,ISRG,2013-12-31,1594200000.0,448900000.0,2265100000.0
860,ISRG,2014-12-31,1413800000.0,580000000.0,2131700000.0
861,ISRG,2015-12-31,1577900000.0,587800000.0,2384400000.0
862,ISRG,2016-12-31,1890100000.0,709100000.0,2704400000.0
863,ITW,2013-12-31,5581000000.0,10257000000.0,14135000000.0
864,ITW,2014-12-31,5811000000.0,10641000000.0,14484000000.0
865,ITW,2015-12-31,5517000000.0,10501000000.0,13405000000.0
866,ITW,2016-12-31,5703000000.0,10942000000.0,13599000000.0
867,IVZ,2012-12-31,4050400000.0,9175600000.0,4050400000.0
868,IVZ,2013-12-31,4644600000.0,10877900000.0,4644600000.0
869,IVZ,2014-12-31,5147100000.0,12124000000.0,5147100000.0
870,IVZ,2015-12-31,5122900000.0,17187900000.0,5122900000.0
871,JBHT,2012-12-31,1824123000.0,1672781000.0,5054980000.0
872,JBHT,2013-12-31,2013770000.0,1806952000.0,5584571000.0
873,JBHT,2014-12-31,2267038000.0,2173963000.0,6165441000.0
874,JBHT,2015-12-31,2522068000.0,2336215000.0,6187646000.0
875,JEC,2013-09-27,1842319000.0,3061047000.0,11818376000.0
876,JEC,2014-09-26,2073784000.0,3984404000.0,12695157000.0
877,JEC,2015-10-02,1968338000.0,3494181000.0,12114832000.0
878,JEC,2016-09-30,1767831000.0,3094746000.0,10964157000.0
879,JNPR,2012-12-31,2708800000.0,2833100000.0,4365400000.0
880,JNPR,2013-12-31,2941400000.0,3023800000.0,4669100000.0
881,JNPR,2014-12-31,2858200000.0,3362300000.0,4627100000.0
882,JNPR,2015-12-31,3078600000.0,4044800000.0,4857800000.0
883,JPM,2012-12-31,93646000000.0,2155072000000.0,93646000000.0
884,JPM,2013-12-31,97142000000.0,2204511000000.0,97142000000.0
885,JPM,2014-12-31,91973000000.0,2340547000000.0,91973000000.0
886,JPM,2015-12-31,89716000000.0,2104125000000.0,89716000000.0
887,JWN,2013-02-02,4702000000.0,6176000000.0,12134000000.0
888,JWN,2014-02-01,4803000000.0,6494000000.0,12540000000.0
889,JWN,2015-01-31,5100000000.0,6805000000.0,13506000000.0
890,JWN,2016-01-30,5269000000.0,6827000000.0,14437000000.0
891,K,2012-12-29,5434000000.0,12765000000.0,14197000000.0
892,K,2013-12-28,6103000000.0,11929000000.0,14792000000.0
893,K,2015-01-03,5063000000.0,12364000000.0,14580000000.0
894,K,2016-01-02,4681000000.0,13137000000.0,13525000000.0
895,KEY,2013-09-30,214130000.0,1746239000.0,1287577000.0
896,KEY,2014-09-30,263459000.0,1787102000.0,1463767000.0
897,KEY,2015-09-30,272444000.0,1778872000.0,1627413000.0
898,KEY,2016-09-30,297207000.0,1570305000.0,1822114000.0
899,KIM,2012-12-31,586399000.0,4986074000.0,793373000.0
900,KIM,2013-12-31,640029000.0,5031213000.0,861527000.0
901,KIM,2014-12-31,735280000.0,5486615000.0,993897000.0
902,KIM,2015-12-31,862292000.0,6297871000.0,1166769000.0
903,KLAC,2013-06-30,1605329000.0,1805205000.0,2842781000.0
904,KLAC,2014-06-30,1696446000.0,1866500000.0,2929408000.0
905,KLAC,2015-06-30,1598820000.0,4404573000.0,2814049000.0
906,KLAC,2016-06-30,1821102000.0,4273318000.0,2984493000.0
907,KMB,2013-12-31,6609000000.0,14063000000.0,19561000000.0
908,KMB,2014-12-31,6683000000.0,14797000000.0,19724000000.0
909,KMB,2015-12-31,6624000000.0,15016000000.0,18591000000.0
910,KMB,2016-12-31,6651000000.0,14704000000.0,18202000000.0
911,KMI,2013-12-31,6705000000.0,62092000000.0,14070000000.0
912,KMI,2014-12-31,7791000000.0,48973000000.0,16226000000.0
913,KMI,2015-12-31,7951000000.0,48985000000.0,14403000000.0
914,KMI,2016-12-31,7257000000.0,45874000000.0,13058000000.0
915,KMX,2013-02-28,1464362000.0,6869435000.0,10962818000.0
916,KMX,2014-02-28,1648701000.0,8390160000.0,12574299000.0
917,KMX,2015-02-28,1887527000.0,10041416000.0,14268716000.0
918,KMX,2016-02-29,2018760000.0,11576790000.0,15149675000.0
919,KO,2012-12-31,28964000000.0,53384000000.0,48017000000.0
920,KO,2013-12-31,28433000000.0,56882000000.0,46854000000.0
921,KO,2014-12-31,28109000000.0,61703000000.0,45998000000.0
922,KO,2015-12-31,26812000000.0,64539000000.0,44294000000.0
923,KORS,2013-03-30,1306566000.0,242319000.0,2181732000.0
924,KORS,2014-03-29,2016100000.0,410842000.0,3310800000.0
925,KORS,2015-03-28,2647700000.0,443600000.0,4371500000.0
926,KORS,2016-04-02,2797200000.0,571100000.0,4712100000.0
927,KR,2013-02-02,19893000000.0,20427000000.0,96619000000.0
928,KR,2014-02-01,20237000000.0,23897000000.0,98375000000.0
929,KR,2015-01-31,22953000000.0,25085000000.0,108465000000.0
930,KR,2016-01-30,24334000000.0,27077000000.0,109830000000.0
931,KSS,2013-02-02,6990000000.0,7857000000.0,19279000000.0
932,KSS,2014-02-01,6944000000.0,8379000000.0,19031000000.0
933,KSS,2015-01-31,6925000000.0,8342000000.0,19023000000.0
934,KSS,2016-01-30,6939000000.0,8115000000.0,19204000000.0
935,KSU,2013-12-31,1564000000.0,4064800000.0,2369300000.0
936,KSU,2014-12-31,1699200000.0,4220900000.0,2577100000.0
937,KSU,2015-12-31,1659600000.0,4426700000.0,2418800000.0
938,KSU,2016-12-31,1643100000.0,4727600000.0,2334200000.0
939,LB,2013-02-02,4386000000.0,7034000000.0,10459000000.0
940,LB,2014-02-01,4429000000.0,7568000000.0,10773000000.0
941,LB,2015-01-31,4808000000.0,7458000000.0,11454000000.0
942,LB,2016-01-30,5204000000.0,8752000000.0,12154000000.0
943,LEG,2012-12-31,695600000.0,1812700000.0,3414500000.0
944,LEG,2013-12-31,709900000.0,1708900000.0,3477200000.0
945,LEG,2014-12-31,790400000.0,1985700000.0,3782300000.0
946,LEG,2015-12-31,923200000.0,1869900000.0,3917200000.0
947,LEN,2013-11-30,1014431000.0,7104346000.0,5935095000.0
948,LEN,2014-11-30,1443540000.0,8096131000.0,7779812000.0
949,LEN,2015-11-30,1716437000.0,8770565000.0,9474008000.0
950,LEN,2016-11-30,2026480000.0,8335739000.0,10949999000.0
951,LH,2012-12-31,2249700000.0,4077600000.0,5671400000.0
952,LH,2013-12-31,2223200000.0,4474600000.0,5808300000.0
953,LH,2014-12-31,2203100000.0,4481300000.0,6011600000.0
954,LH,2015-12-31,2903300000.0,9277300000.0,8680100000.0
955,LKQ,2012-12-31,1724140000.0,1759362000.0,4122930000.0
956,LKQ,2013-12-31,2075402000.0,2168029000.0,5062528000.0
957,LKQ,2014-12-31,2651913000.0,2755082000.0,6740064000.0
958,LKQ,2015-12-31,2833529000.0,2533155000.0,7192633000.0
959,LLL,2012-12-31,1308000000.0,8349000000.0,13107000000.0
960,LLL,2013-12-31,1117000000.0,8026000000.0,11420000000.0
961,LLL,2014-12-31,1012000000.0,8430000000.0,10986000000.0
962,LLL,2015-12-31,890000000.0,7730000000.0,10466000000.0
963,LLTC,2013-06-30,959720000.0,1116433000.0,1282236000.0
964,LLTC,2014-06-29,1049806000.0,324209000.0,1388386000.0
965,LLTC,2015-06-28,1119412000.0,306152000.0,1475139000.0
966,LLTC,2016-07-03,1080135000.0,290806000.0,1423936000.0
967,LLY,2012-12-31,17806900000.0,19625000000.0,22603400000.0
968,LLY,2013-12-31,18205000000.0,17608000000.0,23113100000.0
969,LLY,2014-12-31,14683100000.0,20919500000.0,19615600000.0
970,LLY,2015-12-31,14921500000.0,20978600000.0,19958700000.0
971,LMT,2013-12-31,4187000000.0,31270000000.0,45358000000.0
972,LMT,2014-12-31,4683000000.0,33646000000.0,39946000000.0
973,LMT,2015-12-31,4492000000.0,46207000000.0,40536000000.0
974,LMT,2016-12-31,5062000000.0,46295000000.0,47248000000.0
975,LNT,2012-12-31,950300000.0,7505500000.0,3094500000.0
976,LNT,2013-12-31,1004400000.0,7631000000.0,3276800000.0
977,LNT,2014-12-31,1032800000.0,8424800000.0,3350300000.0
978,LNT,2015-12-31,1082000000.0,8571100000.0,3253600000.0
979,LOW,2013-02-01,17327000000.0,18809000000.0,50521000000.0
980,LOW,2014-01-31,18476000000.0,20879000000.0,53417000000.0
981,LOW,2015-01-30,19558000000.0,21753000000.0,56223000000.0
982,LOW,2016-01-29,20570000000.0,23612000000.0,59074000000.0
983,LRCX,2013-06-30,1403059000.0,2574523000.0,3598916000.0
984,LRCX,2014-06-29,2007481000.0,2963571000.0,4607309000.0
985,LRCX,2015-06-28,2284336000.0,4261504000.0,5259312000.0
986,LRCX,2016-06-26,2618922000.0,6377011000.0,5885893000.0
987,LUK,2012-12-31,330864000.0,2581850000.0,7810610000.0
988,LUK,2013-12-31,1964071000.0,37639319000.0,9531778000.0
989,LUK,2014-12-31,2657611000.0,42196750000.0,10681897000.0
990,LUK,2015-12-31,2439269000.0,35813601000.0,10116502000.0
991,LUV,2013-12-31,9392000000.0,12009000000.0,17699000000.0
992,LUV,2014-12-31,10928000000.0,12948000000.0,18605000000.0
993,LUV,2015-12-31,13795000000.0,13954000000.0,19820000000.0
994,LUV,2016-12-31,14293000000.0,14845000000.0,20425000000.0
995,LVLT,2012-12-31,2525000000.0,12136000000.0,6376000000.0
996,LVLT,2013-12-31,2628000000.0,11463000000.0,6313000000.0
997,LVLT,2014-12-31,3002000000.0,14584000000.0,6777000000.0
998,LVLT,2015-12-31,3964000000.0,14019000000.0,8229000000.0
999,LYB,2012-12-31,5757000000.0,13081000000.0,45352000000.0
1000,LYB,2013-12-31,6122000000.0,14820000000.0,44062000000.0
1001,LYB,2014-12-31,6669000000.0,15907000000.0,45608000000.0
1002,LYB,2015-12-31,7052000000.0,16207000000.0,32735000000.0
1003,M,2013-02-02,11148000000.0,14940000000.0,27686000000.0
1004,M,2014-02-01,11206000000.0,15371000000.0,27931000000.0
1005,M,2015-01-31,11242000000.0,15952000000.0,28105000000.0
1006,M,2016-01-30,10583000000.0,16326000000.0,27079000000.0
1007,MA,2013-12-31,8312000000.0,6758000000.0,8312000000.0
1008,MA,2014-12-31,9441000000.0,8539000000.0,9441000000.0
1009,MA,2015-12-31,9667000000.0,10222000000.0,9667000000.0
1010,MA,2016-12-31,10776000000.0,13019000000.0,10776000000.0
1011,MAA,2012-12-31,358613000.0,1837016000.0,475888000.0
1012,MAA,2013-12-31,463440000.0,3895114000.0,635490000.0
1013,MAA,2014-12-31,716953000.0,3931254000.0,992332000.0
1014,MAA,2015-12-31,761878000.0,3855684000.0,1042779000.0
1015,MAC,2012-12-31,459984000.0,6233680000.0,797517000.0
1016,MAC,2013-12-31,606219000.0,5716501000.0,1029475000.0
1017,MAC,2014-12-31,663318000.0,7481658000.0,1105247000.0
1018,MAC,2015-12-31,790790000.0,6543162000.0,1288149000.0
1019,MAR,2012-12-31,1624000000.0,7627000000.0,11814000000.0
1020,MAR,2013-12-31,1764000000.0,8209000000.0,12784000000.0
1021,MAR,2014-12-31,1966000000.0,9033000000.0,13796000000.0
1022,MAR,2015-12-31,2123000000.0,9672000000.0,14486000000.0
1023,MAS,2013-12-31,1959000000.0,6398000000.0,6761000000.0
1024,MAS,2014-12-31,2060000000.0,6284000000.0,7006000000.0
1025,MAS,2015-12-31,2253000000.0,5799000000.0,7142000000.0
1026,MAS,2016-12-31,2456000000.0,5435000000.0,7357000000.0
1027,MAT,2012-12-31,3409197000.0,3459741000.0,6420881000.0
1028,MAT,2013-12-31,3478883000.0,3188067000.0,6484892000.0
1029,MAT,2014-12-31,3001022000.0,3772912000.0,6023819000.0
1030,MAT,2015-12-31,2806358000.0,3919435000.0,5702613000.0
1031,MCD,2012-12-31,10816300000.0,20092900000.0,27567000000.0
1032,MCD,2013-12-31,10902700000.0,20616600000.0,28105700000.0
1033,MCD,2014-12-31,10455700000.0,21374000000.0,27441300000.0
1034,MCD,2015-12-31,9789200000.0,30850800000.0,25413000000.0
1035,MCHP,2013-03-31,838459000.0,1917935000.0,1581623000.0
1036,MCHP,2014-03-31,1128743000.0,1932169000.0,1931217000.0
1037,MCHP,2015-03-31,1229564000.0,2736059000.0,2147036000.0
1038,MCHP,2016-03-31,1205464000.0,3416596000.0,2173334000.0
1039,MCK,2013-03-31,6881000000.0,27716000000.0,122196000000.0
1040,MCK,2014-03-31,8352000000.0,43237000000.0,137392000000.0
1041,MCK,2015-03-31,11411000000.0,45869000000.0,179045000000.0
1042,MCK,2016-03-31,11416000000.0,47639000000.0,190884000000.0
1043,MCO,2012-12-31,1935300000.0,3575700000.0,2730300000.0
1044,MCO,2013-12-31,2150100000.0,4058100000.0,2972500000.0
1045,MCO,2014-12-31,2404000000.0,4856800000.0,3334300000.0
1046,MCO,2015-12-31,2508200000.0,5688400000.0,3484500000.0
1047,MDLZ,2012-12-31,13076000000.0,43201000000.0,35015000000.0
1048,MDLZ,2013-12-31,13110000000.0,40142000000.0,35299000000.0
1049,MDLZ,2014-12-31,12597000000.0,39021000000.0,34244000000.0
1050,MDLZ,2015-12-31,11512000000.0,34831000000.0,29636000000.0
1051,MET,2012-12-31,30163000000.0,772328000000.0,68150000000.0
1052,MET,2013-12-31,30092000000.0,823743000000.0,68199000000.0
1053,MET,2014-12-31,34214000000.0,830284000000.0,73316000000.0
1054,MET,2015-12-31,31237000000.0,809984000000.0,69951000000.0
1055,MHK,2012-12-31,1490058000.0,2584067000.0,5787980000.0
1056,MHK,2013-12-31,1920809000.0,4033120000.0,7348754000.0
1057,MHK,2014-12-31,2154192000.0,3867538000.0,7803446000.0
1058,MHK,2015-12-31,2410686000.0,5088191000.0,8071563000.0
1059,MJN,2012-12-31,2397500000.0,3239500000.0,3901300000.0
1060,MJN,2013-12-31,2672200000.0,3182300000.0,4200700000.0
1061,MJN,2014-12-31,2708700000.0,3189500000.0,4409300000.0
1062,MJN,2015-12-31,2616000000.0,4630400000.0,4071300000.0
1063,MKC,2013-11-30,1665800000.0,2517200000.0,4123400000.0
1064,MKC,2014-11-30,1730200000.0,2622100000.0,4243200000.0
1065,MKC,2015-11-30,1737300000.0,2802400000.0,4296300000.0
1066,MKC,2016-11-30,1831700000.0,3009300000.0,4411500000.0
1067,MLM,2012-12-31,327134000.0,1750381000.0,2031901000.0
1068,MLM,2013-12-31,363957000.0,1721949000.0,2155551000.0
1069,MLM,2014-12-31,522360000.0,2868588000.0,2957951000.0
1070,MLM,2015-12-31,721767000.0,2904448000.0,3539570000.0
1071,MMC,2012-12-31,11924000000.0,9746000000.0,11924000000.0
1072,MMC,2013-12-31,12261000000.0,9075000000.0,12261000000.0
1073,MMC,2014-12-31,12951000000.0,10739000000.0,12951000000.0
1074,MMC,2015-12-31,12893000000.0,11703000000.0,12893000000.0
1075,MMM,2013-12-31,14765000000.0,16048000000.0,30871000000.0
1076,MMM,2014-12-31,15374000000.0,18100000000.0,31821000000.0
1077,MMM,2015-12-31,14891000000.0,21454000000.0,30274000000.0
1078,MMM,2016-12-31,15069000000.0,22608000000.0,30109000000.0
1079,MNST,2012-12-31,1065656000.0,398928000.0,2060702000.0
1080,MNST,2013-12-31,1172931000.0,428230000.0,2246428000.0
1081,MNST,2014-12-31,1339810000.0,423725000.0,2464867000.0
1082,MNST,2015-12-31,1632301000.0,865779000.0,2722564000.0
1083,MO,2012-12-31,9563000000.0,32161000000.0,24618000000.0
1084,MO,2013-12-31,10457000000.0,30740000000.0,24466000000.0
1085,MO,2014-12-31,10160000000.0,31461000000.0,24522000000.0
1086,MO,2015-12-31,11114000000.0,29655000000.0,25434000000.0
1087,MON,2013-08-31,7653000000.0,8105000000.0,14861000000.0
1088,MON,2014-08-31,8574000000.0,14043000000.0,15855000000.0
1089,MON,2015-08-31,8182000000.0,14930000000.0,15001000000.0
1090,MON,2016-08-31,7017000000.0,15202000000.0,13502000000.0
1091,MOS,2013-05-31,2760200000.0,4660600000.0,9974100000.0
1092,MOS,2014-12-31,1926600000.0,7579900000.0,9055800000.0
1093,MOS,2015-12-31,1717900000.0,7857700000.0,8895300000.0
1094,MOS,2016-12-31,810000000.0,7256100000.0,7162800000.0
1095,MPC,2012-12-31,13295000000.0,15529000000.0,82243000000.0
1096,MPC,2013-12-31,12402000000.0,17465000000.0,100160000000.0
1097,MPC,2014-12-31,13542000000.0,19674000000.0,97817000000.0
1098,MPC,2015-12-31,16160000000.0,29878000000.0,72051000000.0
1099,MRK,2012-12-31,30821000000.0,53112000000.0,47267000000.0
1100,MRK,2013-12-31,27079000000.0,55880000000.0,44033000000.0
1101,MRK,2014-12-31,25469000000.0,49520000000.0,42237000000.0
1102,MRK,2015-12-31,24564000000.0,57103000000.0,39498000000.0
1103,MRO,2012-12-31,9887000000.0,17023000000.0,11966000000.0
1104,MRO,2013-12-31,9169000000.0,16276000000.0,11325000000.0
1105,MRO,2014-12-31,8600000000.0,14963000000.0,10846000000.0
1106,MRO,2015-12-31,3828000000.0,13758000000.0,5522000000.0
1107,MSFT,2013-06-30,57464000000.0,63487000000.0,77849000000.0
1108,MSFT,2014-06-30,59755000000.0,82600000000.0,86833000000.0
1109,MSFT,2015-06-30,60542000000.0,94389000000.0,93580000000.0
1110,MSFT,2016-06-30,52540000000.0,121697000000.0,85320000000.0
1111,MTB,2012-12-31,0.0,72806210000.0,4608955000.0
1112,MTB,2013-12-31,0.0,73856859000.0,4822539000.0
1113,MTB,2014-12-31,0.0,84349639000.0,4736150000.0
1114,MTB,2015-12-31,0.0,106614595000.0,4995881000.0
1115,MTD,2013-12-31,1281931000.0,1217767000.0,2378972000.0
1116,MTD,2014-12-31,1358750000.0,1289515000.0,2485983000.0
1117,MTD,2015-12-31,1351993000.0,1378878000.0,2395447000.0
1118,MTD,2016-12-31,1435587000.0,1731834000.0,2508257000.0
1119,MU,2013-08-29,1847000000.0,9976000000.0,9073000000.0
1120,MU,2014-08-28,5437000000.0,11656000000.0,16358000000.0
1121,MU,2015-09-03,5215000000.0,11841000000.0,16192000000.0
1122,MU,2016-09-01,2505000000.0,15460000000.0,12399000000.0
1123,MUR,2012-12-31,3529427000.0,8580608000.0,4608563000.0
1124,MUR,2013-12-31,4059874000.0,8913754000.0,5312686000.0
1125,MUR,2014-12-31,4199045000.0,8150304000.0,5288933000.0
1126,MUR,2015-12-31,1954810000.0,6187084000.0,2787116000.0
1127,MYL,2014-12-31,3528000000.0,12564600000.0,7719600000.0
1128,MYL,2015-12-31,4216100000.0,12503300000.0,9429300000.0
1129,NAVI,2013-12-31,0.0,153906000000.0,6263000000.0
1130,NAVI,2014-12-31,0.0,142154000000.0,5637000000.0
1131,NAVI,2015-12-31,0.0,130137000000.0,5197000000.0
1132,NBL,2013-12-31,4171000000.0,10458000000.0,5015000000.0
1133,NBL,2014-12-31,4170000000.0,12193000000.0,5115000000.0
1134,NBL,2015-12-31,2204000000.0,13826000000.0,3183000000.0
1135,NBL,2016-12-31,2408000000.0,11723000000.0,3491000000.0
1136,NDAQ,2012-12-31,1577000000.0,3924000000.0,3023000000.0
1137,NDAQ,2013-12-31,1784000000.0,6393000000.0,3100000000.0
1138,NDAQ,2014-12-31,1950000000.0,6278000000.0,3383000000.0
1139,NDAQ,2015-12-31,1979000000.0,6252000000.0,3292000000.0
1140,NEE,2012-12-31,5980000000.0,48371000000.0,14256000000.0
1141,NEE,2013-12-31,6984000000.0,51266000000.0,15136000000.0
1142,NEE,2014-12-31,8270000000.0,54689000000.0,17021000000.0
1143,NEE,2015-12-31,8890000000.0,59905000000.0,17486000000.0
1144,NEM,2012-12-31,5630000000.0,15877000000.0,9964000000.0
1145,NEM,2013-12-31,3115000000.0,14614000000.0,8414000000.0
1146,NEM,2014-12-31,2835000000.0,14642000000.0,7292000000.0
1147,NEM,2015-12-31,3417000000.0,13832000000.0,7729000000.0
1148,NFLX,2013-12-31,1257359000.0,4079002000.0,4374562000.0
1149,NFLX,2014-12-31,1751896000.0,5184792000.0,5504656000.0
1150,NFLX,2015-12-31,2188035000.0,7979445000.0,6779511000.0
1151,NFLX,2016-12-31,2800768000.0,10906810000.0,8830669000.0
1152,NFX,2012-12-31,1149000000.0,5132000000.0,1562000000.0
1153,NFX,2013-12-31,1446000000.0,6365000000.0,1857000000.0
1154,NFX,2014-12-31,1803000000.0,5687000000.0,2288000000.0
1155,NFX,2015-12-31,1060000000.0,3389000000.0,1557000000.0
1156,NKE,2013-05-31,11034000000.0,6464000000.0,25313000000.0
1157,NKE,2014-05-31,12446000000.0,7770000000.0,27799000000.0
1158,NKE,2015-05-31,14067000000.0,8890000000.0,30601000000.0
1159,NKE,2016-05-31,14971000000.0,9138000000.0,32376000000.0
1160,NLSN,2013-12-31,3305000000.0,9801000000.0,5703000000.0
1161,NLSN,2014-12-31,3668000000.0,10270000000.0,6288000000.0
1162,NLSN,2015-12-31,3633000000.0,10870000000.0,6172000000.0
1163,NLSN,2016-12-31,3702000000.0,11628000000.0,6309000000.0
1164,NOV,2012-12-31,5043000000.0,11245000000.0,17194000000.0
1165,NOV,2013-12-31,5104000000.0,12582000000.0,19221000000.0
1166,NOV,2014-12-31,5809000000.0,12870000000.0,21440000000.0
1167,NOV,2015-12-31,3063000000.0,10342000000.0,14757000000.0
1168,NSC,2013-12-31,7175000000.0,21194000000.0,11245000000.0
1169,NSC,2014-12-31,7423000000.0,20792000000.0,11624000000.0
1170,NSC,2015-12-31,6849000000.0,21951000000.0,10511000000.0
1171,NSC,2016-12-31,6843000000.0,22483000000.0,9888000000.0
1172,NTAP,2013-04-26,3761100000.0,6524900000.0,6332400000.0
1173,NTAP,2014-04-25,3919000000.0,5427300000.0,6325000000.0
1174,NTAP,2015-04-24,3833000000.0,5987000000.0,6123000000.0
1175,NTAP,2016-04-29,3373000000.0,7156000000.0,5546000000.0
1176,NTRS,2012-12-31,0.0,89936800000.0,4193500000.0
1177,NTRS,2013-12-31,0.0,95035300000.0,4311700000.0
1178,NTRS,2014-12-31,0.0,101497600000.0,4512600000.0
1179,NTRS,2015-12-31,0.0,108043700000.0,4856500000.0
1180,NUE,2012-12-31,1513538000.0,6510488000.0,19429273000.0
1181,NUE,2013-12-31,1410625000.0,7557514000.0,19052046000.0
1182,NUE,2014-12-31,1906526000.0,7843457000.0,21105141000.0
1183,NUE,2015-12-31,1581262000.0,6833521000.0,16439276000.0
1184,NVDA,2013-01-27,2226343000.0,1584542000.0,4280159000.0
1185,NVDA,2014-01-26,2268000000.0,2794496000.0,4130000000.0
1186,NVDA,2015-01-25,2599000000.0,2783000000.0,4682000000.0
1187,NVDA,2016-01-31,2811000000.0,2901000000.0,5010000000.0
1188,NWL,2012-12-31,2094100000.0,4225300000.0,5508500000.0
1189,NWL,2013-12-31,2124900000.0,3998200000.0,5607000000.0
1190,NWL,2014-12-31,2203400000.0,4712900000.0,5727000000.0
1191,NWL,2015-12-31,2304600000.0,5455100000.0,5915700000.0
1192,NWS,2013-06-30,8891000000.0,3065000000.0,8891000000.0
1193,NWS,2014-06-30,8486000000.0,3226000000.0,8486000000.0
1194,NWS,2015-06-30,8524000000.0,3070000000.0,8524000000.0
1195,NWS,2016-06-30,8292000000.0,3899000000.0,8292000000.0
1196,NWSA,2013-06-30,8891000000.0,3065000000.0,8891000000.0
1197,NWSA,2014-06-30,8486000000.0,3226000000.0,8486000000.0
1198,NWSA,2015-06-30,8524000000.0,3070000000.0,8524000000.0
1199,NWSA,2016-06-30,8292000000.0,3899000000.0,8292000000.0
1200,O,2012-12-31,463275000.0,3016554000.0,484581000.0
1201,O,2013-12-31,741358000.0,4538994000.0,780209000.0
1202,O,2014-12-31,879634000.0,5399221000.0,933505000.0
1203,O,2015-12-31,967933000.0,5334274000.0,1023285000.0
1204,OKE,2012-12-31,1643802000.0,13725666000.0,10184121000.0
1205,OKE,2013-12-31,1649666000.0,15403630000.0,11871879000.0
1206,OKE,2014-12-31,2106543000.0,14669658000.0,12195091000.0
1207,OKE,2015-12-31,2122154000.0,15110313000.0,7763206000.0
1208,OMC,2013-12-31,14584500000.0,18516300000.0,14584500000.0
1209,OMC,2014-12-31,2715700000.0,18578400000.0,15317800000.0
1210,OMC,2015-12-31,2643000000.0,19658300000.0,15134400000.0
1211,OMC,2016-12-31,2745700000.0,21003400000.0,15416900000.0
1212,ORLY,2012-12-31,3097418000.0,3640880000.0,6182184000.0
1213,ORLY,2013-12-31,3369001000.0,4100887000.0,6649237000.0
1214,ORLY,2014-12-31,3708901000.0,4513665000.0,7216081000.0
1215,ORLY,2015-12-31,4162643000.0,4715370000.0,7966674000.0
1216,OXY,2012-12-31,13570000000.0,24194000000.0,20100000000.0
1217,OXY,2013-12-31,13673000000.0,26317000000.0,20170000000.0
1218,OXY,2014-12-31,12509000000.0,21300000000.0,19312000000.0
1219,OXY,2015-12-31,6676000000.0,19087000000.0,12480000000.0
1220,PAYX,2013-05-31,2326200000.0,4390000000.0,2326200000.0
1221,PAYX,2014-05-31,2518900000.0,4593100000.0,2518900000.0
1222,PAYX,2015-05-31,2739600000.0,4682000000.0,2739600000.0
1223,PAYX,2016-05-31,2951900000.0,4529100000.0,2951900000.0
1224,PBCT,2012-12-31,0.0,25285600000.0,1355300000.0
1225,PBCT,2013-12-31,0.0,28645300000.0,1346100000.0
1226,PBCT,2014-12-31,0.0,31364000000.0,1381400000.0
1227,PBCT,2015-12-31,0.0,34145800000.0,1421300000.0
1228,PBI,2012-12-31,2241315000.0,7749260000.0,3823713000.0
1229,PBI,2013-12-31,2140713000.0,6567532000.0,3791335000.0
1230,PBI,2014-12-31,2140713000.0,6422443000.0,3821504000.0
1231,PBI,2015-12-31,2019469000.0,5962740000.0,3578060000.0
1232,PCAR,2012-12-31,2688500000.0,10707700000.0,16596800000.0
1233,PCAR,2013-12-31,2760300000.0,11617400000.0,16661000000.0
1234,PCAR,2014-12-31,3052800000.0,11214000000.0,18534400000.0
1235,PCAR,2015-12-31,3379200000.0,11605100000.0,18671300000.0
1236,PCG,2013-12-31,3839000000.0,41011000000.0,15598000000.0
1237,PCG,2014-12-31,4883000000.0,44127000000.0,17090000000.0
1238,PCG,2015-12-31,4120000000.0,46406000000.0,16833000000.0
1239,PCG,2016-12-31,4932000000.0,50406000000.0,17666000000.0
1240,PCLN,2012-12-31,4083681000.0,2672767000.0,5260956000.0
1241,PCLN,2013-12-31,5715886000.0,3534731000.0,6793306000.0
1242,PCLN,2014-12-31,7584130000.0,6204283000.0,8441971000.0
1243,PCLN,2015-12-31,8591807000.0,8625106000.0,9223987000.0
1244,PDCO,2013-04-27,1190769000.0,1287323000.0,3637212000.0
1245,PDCO,2014-04-26,1018697000.0,1393013000.0,3585141000.0
1246,PDCO,2015-04-25,1060549000.0,1431125000.0,3910865000.0
1247,PDCO,2016-04-30,1322748000.0,2079058000.0,5386703000.0
1248,PEG,2012-12-31,3430000000.0,20945000000.0,9781000000.0
1249,PEG,2013-12-31,3545000000.0,20914000000.0,9968000000.0
1250,PEG,2014-12-31,3850000000.0,23102000000.0,10886000000.0
1251,PEG,2015-12-31,4176000000.0,24469000000.0,10415000000.0
1252,PEP,2013-12-28,35172000000.0,53069000000.0,66415000000.0
1253,PEP,2014-12-27,35445000000.0,52931000000.0,66683000000.0
1254,PEP,2015-12-26,34325000000.0,57599000000.0,63056000000.0
1255,PEP,2016-12-31,34590000000.0,62883000000.0,62799000000.0
1256,PFE,2012-12-31,44836000000.0,104538000000.0,54657000000.0
1257,PFE,2013-12-31,41998000000.0,95794000000.0,51584000000.0
1258,PFE,2014-12-31,40028000000.0,96265000000.0,49605000000.0
1259,PFE,2015-12-31,39203000000.0,102741000000.0,48851000000.0
1260,PFG,2013-12-31,4605900000.0,198507200000.0,9289500000.0
1261,PFG,2014-12-31,5246600000.0,208903000000.0,10477600000.0
1262,PFG,2015-12-31,5266700000.0,209348700000.0,11964400000.0
1263,PFG,2016-12-31,5480900000.0,217787000000.0,12394100000.0
1264,PG,2013-12-31,1949390000.0,998937000.0,2104745000.0
1265,PG,2014-12-31,2614539000.0,1287421000.0,2819557000.0
1266,PG,2015-12-31,3711019000.0,1954295000.0,4103728000.0
1267,PG,2016-12-31,4560733000.0,2524221000.0,4860427000.0
1268,PGR,2012-12-31,1493000000.0,16687700000.0,17083900000.0
1269,PGR,2013-12-31,1895800000.0,18218700000.0,18170900000.0
1270,PGR,2014-12-31,2094100000.0,18859000000.0,19391400000.0
1271,PGR,2015-12-31,2147900000.0,22529900000.0,20853800000.0
1272,PH,2013-06-30,2929029000.0,6802472000.0,13015704000.0
1273,PH,2014-06-30,3027744000.0,6614934000.0,13215971000.0
1274,PH,2015-06-30,3056499000.0,7174995000.0,12711744000.0
1275,PH,2016-06-30,2537369000.0,7481483000.0,11360753000.0
1276,PHM,2013-12-31,1172399000.0,4085191000.0,5679595000.0
1277,PHM,2014-12-31,1577884000.0,3764456000.0,5822363000.0
1278,PHM,2015-12-31,1628114000.0,4430081000.0,5981964000.0
1279,PHM,2016-12-31,1939814000.0,5518837000.0,7668476000.0
1280,PKI,2012-12-30,961529000.0,1961950000.0,2105188000.0
1281,PKI,2013-12-29,976142000.0,1952225000.0,2157586000.0
1282,PKI,2014-12-28,1004608000.0,2085474000.0,2237219000.0
1283,PKI,2016-01-03,1024500000.0,2055854000.0,2262359000.0
1284,PM,2013-12-31,20807000000.0,45934000000.0,80029000000.0
1285,PM,2014-12-31,19331000000.0,47816000000.0,80106000000.0
1286,PM,2015-12-31,17429000000.0,47200000000.0,73908000000.0
1287,PM,2016-12-31,17294000000.0,49539000000.0,74953000000.0
1288,PNC,2012-12-31,0.0,266104000000.0,16606000000.0
1289,PNC,2013-12-31,0.0,277858000000.0,16872000000.0
1290,PNC,2014-12-31,0.0,300521000000.0,16281000000.0
1291,PNC,2015-12-31,0.0,313783000000.0,16270000000.0
1292,PNR,2012-12-31,1265900000.0,5511600000.0,4306800000.0
1293,PNR,2013-12-31,2370100000.0,5648000000.0,6999700000.0
1294,PNR,2014-12-31,2463000000.0,5991400000.0,7039000000.0
1295,PNR,2015-12-31,2185800000.0,7848200000.0,6449000000.0
1296,PNW,2012-12-31,1422245000.0,9406809000.0,3301804000.0
1297,PNW,2013-12-31,1434192000.0,9314216000.0,3454628000.0
1298,PNW,2014-12-31,1403778000.0,9921397000.0,3491632000.0
1299,PNW,2015-12-31,1525768000.0,10444341000.0,3495443000.0
1300,PPG,2013-12-31,5951000000.0,10931000000.0,14265000000.0
1301,PPG,2014-12-31,6443000000.0,12355000000.0,14791000000.0
1302,PPG,2015-12-31,6560000000.0,12093000000.0,14766000000.0
1303,PPG,2016-12-31,6688000000.0,10943000000.0,14751000000.0
1304,PPL,2012-12-31,7256000000.0,33154000000.0,12132000000.0
1305,PPL,2013-12-31,5512000000.0,33793000000.0,7263000000.0
1306,PPL,2014-12-31,5963000000.0,34978000000.0,7852000000.0
1307,PPL,2015-12-31,5951000000.0,29382000000.0,7669000000.0
1308,PRU,2012-12-31,18212000000.0,670732000000.0,84847000000.0
1309,PRU,2013-12-31,14488000000.0,696503000000.0,41461000000.0
1310,PRU,2014-12-31,20545000000.0,724885000000.0,54105000000.0
1311,PRU,2015-12-31,24372000000.0,715498000000.0,57119000000.0
1312,PSX,2012-12-31,20844000000.0,27298000000.0,179290000000.0
1313,PSX,2013-12-31,19145000000.0,27848000000.0,171596000000.0
1314,PSX,2014-12-31,21029000000.0,27102000000.0,161212000000.0
1315,PSX,2015-12-31,21282000000.0,25480000000.0,98975000000.0
1316,PVH,2013-02-03,3249200000.0,4479118000.0,6043000000.0
1317,PVH,2014-02-02,4219300000.0,7240400000.0,8186400000.0
1318,PVH,2015-02-01,4326700000.0,6460600000.0,8241200000.0
1319,PVH,2016-01-31,4161600000.0,6144100000.0,8020300000.0
1320,PWR,2012-12-31,937707000.0,1374209000.0,5920269000.0
1321,PWR,2013-12-31,986933000.0,1559057000.0,6411577000.0
1322,PWR,2014-12-31,1168794000.0,1739110000.0,7747229000.0
1323,PWR,2015-12-31,923665000.0,2128049000.0,7572436000.0
1324,PX,2012-12-31,4828000000.0,12026000000.0,11224000000.0
1325,PX,2013-12-31,5181000000.0,13646000000.0,11925000000.0
1326,PX,2014-12-31,5311000000.0,14146000000.0,12273000000.0
1327,PX,2015-12-31,4816000000.0,13930000000.0,10776000000.0
1328,PYPL,2014-12-31,8025000000.0,13669000000.0,8025000000.0
1329,PYPL,2015-12-31,9248000000.0,15122000000.0,9248000000.0
1330,PYPL,2016-12-31,10842000000.0,18391000000.0,10842000000.0
1331,QCOM,2013-09-29,15046000000.0,9428000000.0,24866000000.0
1332,QCOM,2014-09-28,15801000000.0,9405000000.0,26487000000.0
1333,QCOM,2015-09-27,14903000000.0,19375000000.0,25281000000.0
1334,QCOM,2016-09-25,13805000000.0,20581000000.0,23554000000.0
1335,QRVO,2014-03-29,404927000.0,243961000.0,1148231000.0
1336,QRVO,2015-03-28,689308000.0,719219000.0,1710966000.0
1337,QRVO,2016-04-02,1049553000.0,1597147000.0,2610726000.0
1338,R,2013-12-31,1319801000.0,7207068000.0,6419285000.0
1339,R,2014-12-31,1385734000.0,8031784000.0,6638774000.0
1340,R,2015-12-31,1485444000.0,8965469000.0,6571893000.0
1341,R,2016-12-31,1501416000.0,8850179000.0,6786984000.0
1342,RCL,2012-12-31,2530590000.0,11519181000.0,7688024000.0
1343,RCL,2013-12-31,2654624000.0,11264682000.0,7959894000.0
1344,RCL,2014-12-31,2767574000.0,12428831000.0,8073855000.0
1345,RCL,2015-12-31,3199681000.0,12858816000.0,8299074000.0
1346,REGN,2013-12-31,1949390000.0,998937000.0,2104745000.0
1347,REGN,2014-12-31,2614539000.0,1287421000.0,2819557000.0
1348,REGN,2015-12-31,3711019000.0,1954295000.0,4103728000.0
1349,REGN,2016-12-31,4560733000.0,2524221000.0,4860427000.0
1350,RHI,2013-12-31,1723092000.0,570628000.0,4245895000.0
1351,RHI,2014-12-31,1922916000.0,667409000.0,4695014000.0
1352,RHI,2015-12-31,2114471000.0,667263000.0,5094933000.0
1353,RHI,2016-12-31,2160676000.0,691372000.0,5250399000.0
1354,RHT,2013-02-28,1128217000.0,1293499000.0,1328817000.0
1355,RHT,2014-02-28,1302015000.0,1555454000.0,1534615000.0
1356,RHT,2015-02-28,1516290000.0,2496231000.0,1789489000.0
1357,RHT,2016-02-29,1742601000.0,2820667000.0,2052230000.0
1358,RL,2013-03-30,4156000000.0,1633000000.0,6945000000.0
1359,RL,2014-03-29,4310000000.0,2054000000.0,7450000000.0
1360,RL,2015-03-28,4378000000.0,2215000000.0,7620000000.0
1361,RL,2016-04-02,4187000000.0,2469000000.0,7405000000.0
1362,ROK,2013-09-30,2573800000.0,3259100000.0,6351900000.0
1363,ROK,2014-09-30,2753900000.0,3566200000.0,6623500000.0
1364,ROK,2015-09-30,2703100000.0,4147900000.0,6307900000.0
1365,ROK,2016-09-30,2475500000.0,5111100000.0,5879500000.0
1366,ROP,2012-12-31,1671717000.0,3383378000.0,2993489000.0
1367,ROP,2013-12-31,1882928000.0,3971931000.0,3238128000.0
1368,ROP,2014-12-31,2101899000.0,3644825000.0,3549494000.0
1369,ROP,2015-12-31,2164646000.0,4869418000.0,3582395000.0
1370,ROST,2013-02-02,2709637000.0,1903698000.0,9721065000.0
1371,ROST,2014-02-01,2869429000.0,1889495000.0,10230353000.0
1372,ROST,2015-01-31,3103721000.0,2408160000.0,11041677000.0
1373,ROST,2016-01-30,3363126000.0,2397128000.0,11939999000.0
1374,RRC,2012-12-31,1038351000.0,4371343000.0,1367135000.0
1375,RRC,2013-12-31,1316134000.0,4884634000.0,1832253000.0
1376,RRC,2014-12-31,1436785000.0,5247175000.0,2042537000.0
1377,RRC,2015-12-31,532736000.0,4140373000.0,1181704000.0
1378,RSG,2013-12-31,3182500000.0,12045700000.0,8417200000.0
1379,RSG,2014-12-31,3160200000.0,12348700000.0,8803300000.0
1380,RSG,2015-12-31,3596400000.0,12761800000.0,9115000000.0
1381,RSG,2016-12-31,3623700000.0,12938300000.0,9387700000.0
1382,SBUX,2013-09-29,8484500000.0,7036500000.0,14866800000.0
1383,SBUX,2014-09-28,9589000000.0,5480900000.0,16447800000.0
1384,SBUX,2015-09-27,11375200000.0,6598300000.0,19162700000.0
1385,SBUX,2016-10-02,12804800000.0,8445500000.0,21315900000.0
1386,SCG,2012-12-31,1422000000.0,10462000000.0,4176000000.0
1387,SCG,2013-12-31,1508000000.0,10500000000.0,4495000000.0
1388,SCG,2014-12-31,1620000000.0,11831000000.0,4951000000.0
1389,SCG,2015-12-31,1666000000.0,11703000000.0,4380000000.0
1390,SCHW,2012-12-31,4883000000.0,124048000000.0,4883000000.0
1391,SCHW,2013-12-31,5435000000.0,133261000000.0,5435000000.0
1392,SCHW,2014-12-31,6058000000.0,142839000000.0,6058000000.0
1393,SCHW,2015-12-31,6380000000.0,170316000000.0,6380000000.0
1394,SE,2012-12-31,2658000000.0,21615000000.0,5075000000.0
1395,SE,2013-12-31,2811000000.0,25039000000.0,5518000000.0
1396,SE,2014-12-31,3113000000.0,25838000000.0,5903000000.0
1397,SE,2015-12-31,2899000000.0,26397000000.0,5234000000.0
1398,SEE,2013-12-31,2589900000.0,7761100000.0,7690800000.0
1399,SEE,2014-12-31,2687600000.0,6790400000.0,7750500000.0
1400,SEE,2015-12-31,2586600000.0,6877900000.0,7031500000.0
1401,SEE,2016-12-31,2531600000.0,6779400000.0,6778300000.0
1402,SHW,2012-12-31,4206226000.0,4442933000.0,9534462000.0
1403,SHW,2013-12-31,4616566000.0,4607972000.0,10185532000.0
1404,SHW,2014-12-31,5164484000.0,4709582000.0,11129533000.0
1405,SHW,2015-12-31,5559226000.0,4923945000.0,11339304000.0
1406,SIG,2013-02-02,1537400000.0,1389100000.0,3983400000.0
1407,SIG,2014-02-01,1580500000.0,1466100000.0,4209200000.0
1408,SIG,2015-02-02,2074200000.0,3403900000.0,5736300000.0
1409,SIG,2016-01-30,2440400000.0,3413700000.0,6550200000.0
1410,SJM,2013-04-30,2027600000.0,3883000000.0,5897700000.0
1411,SJM,2014-04-30,2031000000.0,4030600000.0,5610600000.0
1412,SJM,2015-04-30,1968700000.0,9719400000.0,5692700000.0
1413,SJM,2016-04-30,2967800000.0,8975600000.0,7811200000.0
1414,SLG,2012-12-31,819809000.0,7966494000.0,1290052000.0
1415,SLG,2013-12-31,891400000.0,8433596000.0,1371065000.0
1416,SLG,2014-12-31,1019852000.0,10159213000.0,1519978000.0
1417,SLG,2015-12-31,1128503000.0,12570476000.0,1662829000.0
1418,SNA,2013-12-31,1598600000.0,1996800000.0,3237500000.0
1419,SNA,2015-01-03,1733400000.0,2102300000.0,3492600000.0
1420,SNA,2016-01-02,1818500000.0,1918400000.0,3593100000.0
1421,SNA,2016-12-31,1908300000.0,2106000000.0,3711800000.0
1422,SNI,2012-12-31,1696346000.0,2317874000.0,2307182000.0
1423,SNI,2013-12-31,1831515000.0,2339444000.0,2530809000.0
1424,SNI,2014-12-31,1886560000.0,3275034000.0,2665456000.0
1425,SNI,2015-12-31,2030870000.0,5148383000.0,3018227000.0
1426,SO,2012-12-31,7164000000.0,43770000000.0,16537000000.0
1427,SO,2013-12-31,7270000000.0,44407000000.0,17087000000.0
1428,SO,2014-12-31,7436000000.0,48932000000.0,18467000000.0
1429,SO,2015-12-31,7678000000.0,56218000000.0,17489000000.0
1430,SPG,2012-12-31,3455777000.0,26676003000.0,4256157000.0
1431,SPG,2013-12-31,3705903000.0,27475168000.0,4543849000.0
1432,SPG,2014-12-31,3988015000.0,24439153000.0,4870818000.0
1433,SPG,2015-12-31,4305911000.0,26179209000.0,5266103000.0
1434,SPGI,2013-12-31,4702000000.0,4760000000.0,4702000000.0
1435,SPGI,2014-12-31,5051000000.0,6285000000.0,5051000000.0
1436,SPGI,2015-12-31,5313000000.0,7989000000.0,5313000000.0
1437,SPGI,2016-12-31,5661000000.0,8019000000.0,5661000000.0
1438,SPLS,2013-02-02,6491261000.0,6151852000.0,24380510000.0
1439,SPLS,2014-02-01,6032000000.0,5042613000.0,23114000000.0
1440,SPLS,2015-01-31,5801000000.0,5003000000.0,22492000000.0
1441,SPLS,2016-01-30,5514000000.0,4796000000.0,21059000000.0
1442,SRCL,2012-12-31,857305000.0,2004945000.0,1913149000.0
1443,SRCL,2013-12-31,964634000.0,2137512000.0,2142807000.0
1444,SRCL,2014-12-31,1094411000.0,2478290000.0,2555601000.0
1445,SRCL,2015-12-31,1266185000.0,4347559000.0,2985908000.0
1446,SRE,2012-12-31,3001000000.0,26138000000.0,9647000000.0
1447,SRE,2013-12-31,3371000000.0,26236000000.0,10557000000.0
1448,SRE,2014-12-31,3346000000.0,28325000000.0,11035000000.0
1449,SRE,2015-12-31,3583000000.0,29341000000.0,10231000000.0
1450,STI,2012-12-31,0.0,152457000000.0,11240000000.0
1451,STI,2013-12-31,0.0,153913000000.0,8602000000.0
1452,STI,2014-12-31,0.0,167323000000.0,8707000000.0
1453,STI,2015-12-31,0.0,167380000000.0,8533000000.0
1454,STT,2013-12-31,0.0,222913000000.0,10275000000.0
1455,STT,2014-12-31,0.0,252791000000.0,10666000000.0
1456,STT,2015-12-31,0.0,224052000000.0,10760000000.0
1457,STT,2016-12-31,0.0,221479000000.0,10635000000.0
1458,STX,2013-06-28,3940000000.0,5748000000.0,14351000000.0
1459,STX,2014-06-27,3846000000.0,6660000000.0,13724000000.0
1460,STX,2015-07-03,3809000000.0,6827000000.0,13739000000.0
1461,STX,2016-07-01,2615000000.0,6659000000.0,11160000000.0
1462,STZ,2013-02-28,1108300000.0,4777800000.0,2796100000.0
1463,STZ,2014-02-28,1991700000.0,9320800000.0,4867700000.0
1464,STZ,2015-02-28,2578600000.0,9322300000.0,6028000000.0
1465,STZ,2016-02-29,2942300000.0,10405400000.0,6548400000.0
1466,SWK,2013-12-28,3903700000.0,9735900000.0,10889500000.0
1467,SWK,2015-01-03,4102700000.0,9420000000.0,11338600000.0
1468,SWK,2016-01-02,4072000000.0,9316200000.0,11171800000.0
1469,SWK,2016-12-31,4267200000.0,9267900000.0,11406900000.0
1470,SWKS,2013-09-27,766600000.0,232000000.0,1792000000.0
1471,SWKS,2014-10-03,1022700000.0,441400000.0,2291500000.0
1472,SWKS,2015-10-02,1554500000.0,560200000.0,3258400000.0
1473,SWKS,2016-09-30,1665200000.0,314000000.0,3289000000.0
1474,SWN,2012-12-31,2485000000.0,3701655000.0,2730000000.0
1475,SWN,2013-12-31,3043000000.0,4426000000.0,3371000000.0
1476,SWN,2014-12-31,3611000000.0,10263000000.0,4038000000.0
1477,SWN,2015-12-31,2444000000.0,5828000000.0,3133000000.0
1478,SYF,2012-12-31,0.0,48880000000.0,10793000000.0
1479,SYF,2013-12-31,0.0,53125000000.0,11813000000.0
1480,SYF,2014-12-31,0.0,65229000000.0,12727000000.0
1481,SYF,2015-12-31,0.0,71531000000.0,13620000000.0
1482,SYK,2013-12-31,6019000000.0,6696000000.0,9021000000.0
1483,SYK,2014-12-31,6356000000.0,8684000000.0,9675000000.0
1484,SYK,2015-12-31,6602000000.0,7712000000.0,9946000000.0
1485,SYK,2016-12-31,7495000000.0,10885000000.0,11325000000.0
1486,SYMC,2013-03-29,5731000000.0,9032000000.0,6906000000.0
1487,SYMC,2014-03-28,3392000000.0,7742000000.0,4183000000.0
1488,SYMC,2015-04-03,3229000000.0,7298000000.0,3956000000.0
1489,SYMC,2016-04-01,2985000000.0,8091000000.0,3600000000.0
1490,SYY,2013-06-29,7996607000.0,7486398000.0,44411233000.0
1491,SYY,2014-06-28,8181035000.0,7874418000.0,46516712000.0
1492,SYY,2015-06-27,8551516000.0,12729057000.0,48680752000.0
1493,SYY,2016-07-02,9040472000.0,13242196000.0,50366919000.0
1494,T,2012-12-31,72206000000.0,179953000000.0,127434000000.0
1495,T,2013-12-31,77561000000.0,186799000000.0,128752000000.0
1496,T,2014-12-31,72302000000.0,207118000000.0,132447000000.0
1497,T,2015-12-31,79755000000.0,280001000000.0,146801000000.0
1498,TAP,2013-12-31,1660500000.0,6974900000.0,4206100000.0
1499,TAP,2014-12-31,1653000000.0,6116800000.0,4146300000.0
1500,TAP,2015-12-31,1404000000.0,5233300000.0,3567500000.0
1501,TAP,2016-12-31,1881900000.0,17922800000.0,4885000000.0
1502,TDC,2012-12-31,1491000000.0,1287000000.0,2665000000.0
1503,TDC,2013-12-31,1473000000.0,1239000000.0,2692000000.0
1504,TDC,2014-12-31,1479000000.0,1425000000.0,2732000000.0
1505,TDC,2015-12-31,1276000000.0,1681000000.0,2530000000.0
1506,TDG,2013-09-30,1049562000.0,6485260000.0,1924400000.0
1507,TDG,2014-09-30,1267874000.0,8312947000.0,2372906000.0
1508,TDG,2015-09-30,1449845000.0,9342241000.0,2707115000.0
1509,TDG,2016-09-30,1728063000.0,11377767000.0,3171411000.0
1510,TEL,2013-09-27,3651000000.0,10081000000.0,11390000000.0
1511,TEL,2014-09-26,3972000000.0,11145000000.0,11973000000.0
1512,TEL,2015-09-25,4087000000.0,11004000000.0,12233000000.0
1513,TEL,2016-09-30,4033000000.0,9123000000.0,12238000000.0
1514,TGNA,2012-12-30,2409350000.0,4029272000.0,5353197000.0
1515,TGNA,2013-12-29,940354000.0,6547608000.0,1603123000.0
1516,TGNA,2014-12-31,1671151000.0,7987281000.0,2626141000.0
1517,TGNA,2015-12-31,2127609000.0,6345787000.0,3050945000.0
1518,TGT,2013-02-02,22733000000.0,31605000000.0,73301000000.0
1519,TGT,2014-02-01,21240000000.0,28322000000.0,71279000000.0
1520,TGT,2015-01-31,21340000000.0,27175000000.0,72618000000.0
1521,TGT,2016-01-30,21788000000.0,27305000000.0,73785000000.0
1522,TIF,2013-01-31,2163284000.0,2032118000.0,3794249000.0
1523,TIF,2014-01-31,2340400000.0,2031914000.0,4031100000.0
1524,TIF,2015-01-31,2537200000.0,2345500000.0,4249900000.0
1525,TIF,2016-01-31,2491300000.0,2218300000.0,4104900000.0
1526,TJX,2013-02-02,7356972000.0,5845918000.0,25878372000.0
1527,TJX,2014-02-01,7817659000.0,5971129000.0,27422696000.0
1528,TJX,2015-01-31,8301885000.0,6724520000.0,29078407000.0
1529,TJX,2016-01-30,8910415000.0,7192407000.0,30944938000.0
1530,TMK,2012-12-31,1633834000.0,14415124000.0,3589516000.0
1531,TMK,2013-12-31,1655487000.0,14415402000.0,3494253000.0
1532,TMK,2014-12-31,1716711000.0,15574793000.0,3620095000.0
1533,TMK,2015-12-31,1749853000.0,15797661000.0,3766065000.0
1534,TMO,2012-12-31,5295500000.0,11979900000.0,12509900000.0
1535,TMO,2013-12-31,5529100000.0,15007300000.0,13090300000.0
1536,TMO,2014-12-31,7492000000.0,22304000000.0,16889600000.0
1537,TMO,2015-12-31,7755900000.0,19538800000.0,16965400000.0
1538,TRIP,2012-12-31,751000000.0,572226000.0,763000000.0
1539,TRIP,2013-12-31,927000000.0,608000000.0,945000000.0
1540,TRIP,2014-12-31,1206000000.0,823000000.0,1246000000.0
1541,TRIP,2015-12-31,1434000000.0,716000000.0,1492000000.0
1542,TRV,2013-12-31,12884000000.0,79016000000.0,26191000000.0
1543,TRV,2014-12-31,13304000000.0,78242000000.0,27174000000.0
1544,TRV,2015-12-31,13092000000.0,76586000000.0,26815000000.0
1545,TRV,2016-12-31,12555000000.0,77024000000.0,27625000000.0
1546,TSCO,2012-12-29,1566054000.0,681834000.0,4664120000.0
1547,TSCO,2013-12-28,1753609000.0,656497000.0,5164784000.0
1548,TSCO,2014-12-27,1950415000.0,741010000.0,5711715000.0
1549,TSCO,2015-12-26,2143174000.0,977532000.0,6226507000.0
1550,TSN,2013-10-03,2358000000.0,5976000000.0,34374000000.0
1551,TSN,2014-10-03,2685000000.0,15066000000.0,37580000000.0
1552,TSN,2015-10-03,3917000000.0,13278000000.0,41373000000.0
1553,TSN,2016-10-01,4697000000.0,12765000000.0,36881000000.0
1554,TSO,2012-12-31,3764000000.0,6451000000.0,29809000000.0
1555,TSO,2013-12-31,3516000000.0,9087000000.0,37601000000.0
1556,TSO,2014-12-31,4960000000.0,12037000000.0,40633000000.0
1557,TSO,2015-12-31,6245000000.0,11119000000.0,28711000000.0
1558,TSS,2012-12-31,604216000.0,598628000.0,1793557000.0
1559,TSS,2013-12-31,694867000.0,2105491000.0,2064305000.0
1560,TSS,2014-12-31,777985000.0,2040819000.0,2446877000.0
1561,TSS,2015-12-31,924360000.0,2065282000.0,2779541000.0
1562,TXN,2012-12-31,6368000000.0,9060000000.0,12825000000.0
1563,TXN,2013-12-31,6364000000.0,8131000000.0,12205000000.0
1564,TXN,2014-12-31,7427000000.0,6982000000.0,13045000000.0
1565,TXN,2015-12-31,7560000000.0,6284000000.0,13000000000.0
1566,TXT,2012-12-29,2218000000.0,10042000000.0,12237000000.0
1567,TXT,2013-12-28,1973000000.0,8560000000.0,12104000000.0
1568,TXT,2015-01-03,2457000000.0,10333000000.0,13878000000.0
1569,TXT,2016-01-02,2444000000.0,9744000000.0,13423000000.0
1570,UA,2012-12-31,879297000.0,340161000.0,1834921000.0
1571,UA,2013-12-31,1136670000.0,524387000.0,2332051000.0
1572,UA,2014-12-31,1512206000.0,744783000.0,3084370000.0
1573,UA,2015-12-31,1905547000.0,1200678000.0,3963313000.0
1574,UAA,2012-12-31,879297000.0,340161000.0,1834921000.0
1575,UAA,2013-12-31,1136670000.0,524387000.0,2332051000.0
1576,UAA,2014-12-31,1512206000.0,744783000.0,3084370000.0
1577,UAA,2015-12-31,1905547000.0,1200678000.0,3963313000.0
1578,UAL,2012-12-31,19332000000.0,37147000000.0,37152000000.0
1579,UAL,2013-12-31,21087000000.0,33828000000.0,38279000000.0
1580,UAL,2014-12-31,22290000000.0,34199000000.0,38901000000.0
1581,UAL,2015-12-31,25734000000.0,31895000000.0,37864000000.0
1582,UDR,2012-12-31,471296000.0,3866187000.0,716612000.0
1583,UDR,2013-12-31,500314000.0,3996074000.0,758926000.0
1584,UDR,2014-12-31,547305000.0,4093631000.0,818046000.0
1585,UDR,2015-12-31,612601000.0,4764089000.0,894638000.0
1586,UHS,2012-12-31,6961400000.0,5487498000.0,6961400000.0
1587,UHS,2013-12-31,7367873000.0,5061744000.0,7367873000.0
1588,UHS,2014-12-31,8205088000.0,5238497000.0,8205088000.0
1589,UHS,2015-12-31,9043451000.0,5384466000.0,9043451000.0
1590,ULTA,2013-02-02,783674000.0,488307000.0,2220256000.0
1591,ULTA,2014-02-02,941248000.0,599633000.0,2670573000.0
1592,ULTA,2015-01-31,1136787000.0,735661000.0,3241369000.0
1593,ULTA,2016-01-31,1384333000.0,788032000.0,3924116000.0
1594,UNH,2013-12-31,32830000000.0,49733000000.0,122489000000.0
1595,UNH,2014-12-31,36841000000.0,53928000000.0,130474000000.0
1596,UNH,2015-12-31,53232000000.0,77424000000.0,157107000000.0
1597,UNH,2016-12-31,67802000000.0,84536000000.0,184840000000.0
1598,UNM,2012-12-31,3343300000.0,53623500000.0,10515400000.0
1599,UNM,2013-12-31,3330200000.0,50744500000.0,10368600000.0
1600,UNM,2014-12-31,2802400000.0,53928300000.0,10524500000.0
1601,UNM,2015-12-31,3521900000.0,51925800000.0,10731300000.0
1602,UNP,2013-12-31,16114000000.0,28506000000.0,21963000000.0
1603,UNP,2014-12-31,17891000000.0,31183000000.0,23988000000.0
1604,UNP,2015-12-31,17379000000.0,33898000000.0,21813000000.0
1605,UNP,2016-12-31,16194000000.0,35786000000.0,19941000000.0
1606,UPS,2012-12-31,40553000000.0,34210000000.0,54127000000.0
1607,UPS,2013-12-31,41735000000.0,29738000000.0,55438000000.0
1608,UPS,2014-12-31,43474000000.0,33299000000.0,58232000000.0
1609,UPS,2015-12-31,45416000000.0,35841000000.0,58363000000.0
1610,URBN,2013-01-31,1031531000.0,442623000.0,2794925000.0
1611,URBN,2014-01-31,1161342000.0,527044000.0,3086608000.0
1612,URBN,2015-01-31,1174930000.0,560772000.0,3323077000.0
1613,URBN,2016-01-31,1201902000.0,696074000.0,3445134000.0
1614,USB,2013-07-31,847127000.0,658369000.0,2436948000.0
1615,USB,2014-07-31,877800000.0,939928000.0,2473500000.0
1616,USB,2015-07-31,808600000.0,1034700000.0,2371200000.0
1617,USB,2016-07-31,754800000.0,1021200000.0,2220300000.0
1618,UTX,2013-12-31,16132000000.0,58728000000.0,56600000000.0
1619,UTX,2014-12-31,17002000000.0,59993000000.0,57900000000.0
1620,UTX,2015-12-31,15667000000.0,60126000000.0,56098000000.0
1621,UTX,2016-12-31,15784000000.0,62127000000.0,57244000000.0
1622,V,2013-09-30,9846000000.0,9086000000.0,11778000000.0
1623,V,2014-09-30,10827000000.0,11156000000.0,12702000000.0
1624,V,2015-09-30,11801000000.0,9525000000.0,13880000000.0
1625,V,2016-09-30,12856000000.0,31123000000.0,15082000000.0
1626,VAR,2013-09-27,1249687000.0,1754627000.0,2942897000.0
1627,VAR,2014-09-26,1301700000.0,1740870000.0,3049800000.0
1628,VAR,2015-10-02,1282700000.0,1867100000.0,3099100000.0
1629,VAR,2016-09-30,1361300000.0,2075500000.0,3217800000.0
1630,VFC,2012-12-31,5061975000.0,4507396000.0,10879855000.0
1631,VFC,2013-12-31,5488179000.0,4238405000.0,11419648000.0
1632,VFC,2015-01-03,5993971000.0,4214418000.0,12282161000.0
1633,VFC,2016-01-02,5982944000.0,4254704000.0,12376744000.0
1634,VIAB,2013-09-30,6995000000.0,18636000000.0,13794000000.0
1635,VIAB,2014-09-30,7241000000.0,19328000000.0,13783000000.0
1636,VIAB,2015-09-30,6400000000.0,18605000000.0,13268000000.0
1637,VIAB,2016-09-30,5804000000.0,18231000000.0,12488000000.0
1638,VLO,2012-12-31,11908000000.0,26445000000.0,138393000000.0
1639,VLO,2013-12-31,10758000000.0,27800000000.0,138074000000.0
1640,VLO,2014-12-31,12703000000.0,24873000000.0,130844000000.0
1641,VLO,2015-12-31,13153000000.0,23816000000.0,87804000000.0
1642,VMC,2012-12-31,334026000.0,4365537000.0,2567310000.0
1643,VMC,2013-12-31,426880000.0,4321037000.0,2770709000.0
1644,VMC,2014-12-31,587582000.0,3864398000.0,2994169000.0
1645,VMC,2015-12-31,857533000.0,3847444000.0,3422181000.0
1646,VNO,2013-12-31,1370611000.0,13331992000.0,2299176000.0
1647,VNO,2014-12-31,1358901000.0,14412554000.0,2312512000.0
1648,VNO,2015-12-31,1491018000.0,14445698000.0,2502267000.0
1649,VNO,2016-12-31,1481866000.0,13916328000.0,2506202000.0
1650,VRSK,2012-12-31,891140000.0,2104745000.0,1407848000.0
1651,VRSK,2013-12-31,973180000.0,1956862000.0,1595703000.0
1652,VRSK,2014-12-31,1030128000.0,2134287000.0,1746726000.0
1653,VRSK,2015-12-31,1264736000.0,4243916000.0,2068010000.0
1654,VRSN,2012-12-31,705992000.0,2071799000.0,873592000.0
1655,VRSN,2013-12-31,778074000.0,3084325000.0,965087000.0
1656,VRSN,2014-12-31,821692000.0,2784616000.0,1010117000.0
1657,VRSN,2015-12-31,866578000.0,3428184000.0,1059366000.0
1658,VRTX,2012-12-31,1247157000.0,1760108000.0,1527042000.0
1659,VRTX,2013-12-31,1081698000.0,962636000.0,1211975000.0
1660,VRTX,2014-12-31,519428000.0,1259673000.0,580415000.0
1661,VRTX,2015-12-31,907824000.0,1558908000.0,1032336000.0
1662,VTR,2013-12-31,1396355000.0,10907213000.0,2514595000.0
1663,VTR,2014-12-31,1560070000.0,12485729000.0,2772550000.0
1664,VTR,2015-12-31,1875141000.0,12697591000.0,3285346000.0
1665,VTR,2016-12-31,2000573000.0,12706360000.0,3442646000.0
1666,VZ,2012-12-31,69571000000.0,192065000000.0,115846000000.0
1667,VZ,2013-12-31,75663000000.0,235262000000.0,120550000000.0
1668,VZ,2014-12-31,77148000000.0,220318000000.0,127079000000.0
1669,VZ,2015-12-31,79063000000.0,228212000000.0,131620000000.0
1670,WAT,2012-12-31,1106027000.0,1700793000.0,1843641000.0
1671,WAT,2013-12-31,1120762000.0,1819456000.0,1904218000.0
1672,WAT,2014-12-31,1164431000.0,1980024000.0,1989344000.0
1673,WAT,2015-12-31,1199660000.0,2209826000.0,2042332000.0
1674,WDC,2013-06-28,4363000000.0,6143000000.0,15351000000.0
1675,WDC,2014-06-27,4360000000.0,6657000000.0,15130000000.0
1676,WDC,2015-07-03,4221000000.0,5951000000.0,14572000000.0
1677,WDC,2016-07-01,3435000000.0,21717000000.0,12994000000.0
1678,WEC,2012-12-31,1485900000.0,10119500000.0,4246400000.0
1679,WEC,2013-12-31,1536900000.0,10506000000.0,4519000000.0
1680,WEC,2014-12-31,1625300000.0,10454900000.0,4997100000.0
1681,WEC,2015-12-31,1976700000.0,20670000000.0,5926100000.0
1682,WFC,2012-12-31,0.0,1265414000000.0,91247000000.0
1683,WFC,2013-12-31,0.0,1353360000000.0,88069000000.0
1684,WFC,2014-12-31,0.0,1502761000000.0,88372000000.0
1685,WFC,2015-12-31,0.0,1594634000000.0,90033000000.0
1686,WFM,2013-09-29,4629000000.0,1660000000.0,12917000000.0
1687,WFM,2014-09-28,5044000000.0,1931000000.0,14194000000.0
1688,WFM,2015-09-27,5416000000.0,1972000000.0,15389000000.0
1689,WFM,2016-09-25,5411000000.0,3117000000.0,15724000000.0
1690,WHR,2013-12-31,3298000000.0,10510000000.0,18769000000.0
1691,WHR,2014-12-31,3395000000.0,14206000000.0,19872000000.0
1692,WHR,2015-12-31,3690000000.0,13336000000.0,20891000000.0
1693,WHR,2016-12-31,3682000000.0,13425000000.0,20718000000.0
1694,WLTW,2012-12-31,3480000000.0,13413000000.0,3480000000.0
1695,WLTW,2013-12-31,3655000000.0,12585000000.0,3655000000.0
1696,WLTW,2014-12-31,3802000000.0,13436000000.0,3802000000.0
1697,WLTW,2015-12-31,3829000000.0,16610000000.0,3829000000.0
1698,WM,2013-12-31,4871000000.0,16896000000.0,13983000000.0
1699,WM,2014-12-31,4994000000.0,15431000000.0,13996000000.0
1700,WM,2015-12-31,4730000000.0,15022000000.0,12961000000.0
1701,WM,2016-12-31,5123000000.0,15562000000.0,13609000000.0
1702,WMB,2012-12-31,2963000000.0,19575000000.0,7486000000.0
1703,WMB,2013-12-31,2736000000.0,22278000000.0,6860000000.0
1704,WMB,2014-12-31,3129000000.0,41678000000.0,7637000000.0
1705,WMB,2015-12-31,3926000000.0,42872000000.0,7360000000.0
1706,WMT,2013-01-31,116354000000.0,126762000000.0,468651000000.0
1707,WMT,2014-01-31,118225000000.0,128496000000.0,476294000000.0
1708,WMT,2015-01-31,120565000000.0,122096000000.0,485651000000.0
1709,WMT,2016-01-31,121146000000.0,119035000000.0,482130000000.0
1710,WRK,2014-09-30,1933600000.0,6732900000.0,9895100000.0
1711,WRK,2015-09-30,2138300000.0,13720600000.0,11124800000.0
1712,WRK,2016-09-30,2758600000.0,13309400000.0,14171800000.0
1713,WU,2012-12-31,2470600000.0,8525100000.0,5664800000.0
1714,WU,2013-12-31,2307000000.0,9016600000.0,5542000000.0
1715,WU,2014-12-31,2309800000.0,8590000000.0,5607200000.0
1716,WU,2015-12-31,2284300000.0,8054000000.0,5483700000.0
1717,WY,2012-12-31,996000000.0,8522000000.0,5989000000.0
1718,WY,2013-12-31,1538000000.0,7782000000.0,7254000000.0
1719,WY,2014-12-31,1640000000.0,7961000000.0,7403000000.0
1720,WY,2015-12-31,1388000000.0,7617000000.0,7082000000.0
1721,WYN,2012-12-31,2441000000.0,7533000000.0,4534000000.0
1722,WYN,2013-12-31,2615000000.0,8118000000.0,5009000000.0
1723,WYN,2014-12-31,2777000000.0,8424000000.0,5281000000.0
1724,WYN,2015-12-31,2836000000.0,8766000000.0,5536000000.0
1725,WYNN,2012-12-31,1902709000.0,7535631000.0,5154284000.0
1726,WYNN,2013-12-31,2142114000.0,8561537000.0,5620936000.0
1727,WYNN,2014-12-31,2117350000.0,9091640000.0,5433661000.0
1728,WYNN,2015-12-31,1545509000.0,10634238000.0,4075883000.0
1729,XEC,2012-12-31,1286035000.0,2830416000.0,1623938000.0
1730,XEC,2013-12-31,1591853000.0,3230927000.0,1998051000.0
1731,XEC,2014-12-31,1851345000.0,4207837000.0,2424176000.0
1732,XEC,2015-12-31,932745000.0,2445608000.0,1452619000.0
1733,XEL,2012-12-31,3418187000.0,22266609000.0,10128223000.0
1734,XEL,2013-12-31,3506644000.0,24341540000.0,10914922000.0
1735,XEL,2014-12-31,3734783000.0,26743402000.0,11686135000.0
1736,XEL,2015-12-31,3990853000.0,28452615000.0,11024486000.0
1737,XL,2012-12-31,2067228000.0,34876818000.0,7232397000.0
1738,XL,2013-12-31,2434745000.0,35655254000.0,7541234000.0
1739,XL,2014-12-31,2362793000.0,35013068000.0,6602267000.0
1740,XL,2015-12-31,3109281000.0,47005859000.0,9308926000.0
1741,XLNX,2013-03-30,1431446000.0,1766155000.0,2168652000.0
1742,XLNX,2014-03-29,1639278000.0,2284667000.0,2382531000.0
1743,XLNX,2015-03-28,1668521000.0,2286471000.0,2377344000.0
1744,XLNX,2016-04-02,1541974000.0,2233261000.0,2213881000.0
1745,XOM,2012-12-31,149453000000.0,167932000000.0,451509000000.0
1746,XOM,2013-12-31,136155000000.0,172805000000.0,420836000000.0
1747,XOM,2014-12-31,127274000000.0,175094000000.0,394105000000.0
1748,XOM,2015-12-31,93898000000.0,165947000000.0,259488000000.0
1749,XRAY,2012-12-31,1556387000.0,2763599000.0,2928429000.0
1750,XRAY,2013-12-31,1577400000.0,2542994000.0,2950800000.0
1751,XRAY,2014-12-31,1599800000.0,2325200000.0,2922600000.0
1752,XRAY,2015-12-31,1517200000.0,2064900000.0,2674300000.0
1753,XRX,2012-12-31,6787000000.0,18494000000.0,20421000000.0
1754,XRX,2013-12-31,6485000000.0,16736000000.0,20006000000.0
1755,XRX,2014-12-31,6246000000.0,16980000000.0,19540000000.0
1756,XRX,2015-12-31,5263000000.0,15743000000.0,18045000000.0
1757,XYL,2012-12-31,1502000000.0,2605000000.0,3791000000.0
1758,XYL,2013-12-31,1499000000.0,2655000000.0,3837000000.0
1759,XYL,2014-12-31,1513000000.0,2706000000.0,3916000000.0
1760,XYL,2015-12-31,1404000000.0,2573000000.0,3653000000.0
1761,YHOO,2012-12-31,3366000000.0,2543053000.0,4986566000.0
1762,YHOO,2013-12-31,3331000000.0,3730050000.0,4680380000.0
1763,YHOO,2014-12-31,3230758000.0,22965499000.0,4618133000.0
1764,YHOO,2015-12-31,2890553000.0,16160429000.0,4968301000.0
1765,YUM,2012-12-29,3781000000.0,6859000000.0,13633000000.0
1766,YUM,2013-12-28,3583000000.0,6529000000.0,13084000000.0
1767,YUM,2014-12-27,3597000000.0,6787000000.0,13279000000.0
1768,YUM,2015-12-26,3746000000.0,7164000000.0,13105000000.0
1769,ZBH,2012-12-31,3346500000.0,3151500000.0,4471700000.0
1770,ZBH,2013-12-31,3356700000.0,3283300000.0,4623400000.0
1771,ZBH,2014-12-31,3430500000.0,3108100000.0,4673300000.0
1772,ZBH,2015-12-31,4197200000.0,17331600000.0,5997800000.0
1773,ZION,2012-12-31,0.0,49459849000.0,2458592000.0
1774,ZION,2013-12-31,0.0,49566564000.0,2278812000.0
1775,ZION,2014-12-31,0.0,49839344000.0,2361631000.0
1776,ZION,2015-12-31,0.0,52162006000.0,2210591000.0
1777,ZTS,2013-12-31,2892000000.0,5618000000.0,4561000000.0
1778,ZTS,2014-12-31,3068000000.0,5277000000.0,4785000000.0
1779,ZTS,2015-12-31,3027000000.0,6845000000.0,4765000000.0
1780,ZTS,2016-12-31,3222000000.0,6162000000.0,4888000000.0
